3000 4700
408 173 411 178 '
446 167 553 256 12an
565 171 735 258 Potentes
744 174 949 241 Faenum.
1229 187 1234 219 ³
1251 200 1274 244 r

95 329 283 420 unigenti
295 333 361 414 sui,
377 343 439 400 sut
451 355 563 404 eorum
586 336 692 424 sliqui
704 357 767 404 seu
787 338 919 424 sliquir,
935 339 1086 410 idoneam
1099 361 1272 429 pensem

106 436 260 500 quemcu
306 442 351 486 ue
365 421 614 488 ecclesiasticum
628 423 663 488 in
678 424 919 492 Prmidentem
935 435 970 492 et
990 449 1051 514 pro
1068 427 1272 497 Praesidente

105 503 221 602 ipsius
236 442 395 594 Chllsgii,
411 530 529 574 necnon
544 509 627 574 elius
641 533 794 596 personss
808 513 1039 579 enclesisstiess
1059 535 1205 601 quescun
1227 540 1271 582 ue

98 608 144 653 -tn
170 591 341 658 scholares
354 594 502 744 equsdenr
517 595 668 684 Collegii,
689 619 749 685 per
762 598 871 684 ipsum
889 599 1101 688 Episcopum,
1111 539 1269 685 baeda,

96 689 309 744 executores
334 700 355 744 r
416 681 599 768 nmignstos
625 705 711 754 suos
742 685 797 748 rel
819 706 932 752 eorum
962 685 1115 774 reliquom,
1140 688 1184 753 sd
1209 688 1271 756 hoc

93 763 289 852 eligendus
310 777 347 832 et
370 767 592 847 ssmmendes,
630 771 780 850 reficere,
794 793 903 836 creare
928 781 964 838 et
985 772 1143 848 ordinem,
1159 775 1270 842 vdent

104 871 168 915 seu
191 853 343 926 valeant,
365 853 544 920 secundum
572 879 592 920 o
634 856 810 922 ‘uodonem
838 867 874 923 et
894 867 1020 923 stetuts
1042 881 1103 946 per
1126 860 1268 928 eundem

107 937 329 1037 Episcopum,
345 939 504 1022 husredes,
520 952 707 1008 executores
726 943 780 1008 rel
792 944 973 1032 enrignmos
986 965 1071 1024 suos,
1085 956 1143 1011 sut
1155 968 1268 1014 eorum

97 1023 246 1108 *sliquos
258 1027 311 1094 rel
336 1027 489 1118 aliquem,
529 1049 564 1092 ro
580 1028 664 1093 bono
679 1039 714 1094 et
727 1029 853 1096 salubri
876 1031 1116 1116 gubernatione
1131 1055 1169 1096 sc
1182 1035 1269 1122 regi-

105 1111 205 1176 mine
221 1114 412 1194 eorundem,
427 1115 487 1180 fien
514 1135 545 1194 e,
560 1115 728 1180 condenda
745 1127 782 1182 et
802 1116 1008 1182 stsbiliendn
1053 1117 1103 1182 Et
1116 1119 1268 1188 volumus

104 1207 142 1262 et
180 1199 390 1264 concedimus
421 1221 481 1288 per
516 1212 693 1287 presentes
728 1204 818 1290 quod
851 1202 1048 1290 pradictum
1083 1205 1265 1306 collegium,

104 1303 190 1349 cum
219 1285 266 1352 sic
289 1297 445 1366 erectum,
471 1286 604 1363 suctum,
628 1288 816 1368 fundatum
839 1296 986 1354 creatum
1009 1298 1045 1354 et
1068 1292 1266 1368 subibcum,

97 1371 245 1451 extum,
257 1373 448 1460 Collefflum
462 1373 619 1460 Corporis
635 1374 769 1444 Christi,
785 1375 969 1463 vulgariter
982 1375 1123 1462 Anglics
1137 1376 1266 1467 Corpus

98 1457 244 1523 Christi
254 1458 402 1546 Cbllege,
412 1461 445 1522 in
458 1459 680 1526 Universitste
692 1461 882 1543 Oxouiensi,
892 1462 981 1549 impe
1041 1472 1170 1528 tuums
1192 1466 1266 1552 pel-

106 1543 205 1608 letur
227 1555 262 1610 et
281 1556 508 1634 numupetur;
535 1557 571 1612 et
596 1545 684 1635 quod
699 1547 887 1614 Praesidens
906 1559 940 1614 et
962 1571 994 1614 sc
1020 1549 1125 1615 olsres
1138 1487 1266 1641 collegii

106 1629 286 1696 illiussint
306 1653 408 1696 unum
433 1653 550 1720 corpus
576 1634 611 1698 in
633 1656 668 1698 re
692 1643 727 1700 et
745 1634 883 1713 nomine,
907 1634 1116 1720 habeantque
1139 1659 1264 1704 sncces-

105 1719 672 1873 ΝΜ
684 1720 1265 1877 mUn

109 1889 296 1956 Oxoniensi
306 1891 548 1980 imperpetuum
563 1828 819 1980 cpqigilentuqioet
832 1903 1071 1980 nuncupentur.
1118 1895 1165 1960 Et
1177 1898 1265 1982 qnod

107 1975 194 2042 dicti
203 1977 386 2046 Praesideus
395 1989 432 2044 et
445 1977 612 2056 scholares,
628 1989 663 2044 et
676 2000 868 2046 succesores
875 1979 938 2050 stri,
947 2001 1006 2065 per
1019 2001 1136 2044 nornen
1146 1981 1264 2048 Prusi-

109 2061 224 2130 dentis
236 2073 273 2129 et
297 2063 491 2134 scholarium
507 2065 600 2130 Colle
629 2065 651 2130 ’i
669 2064 828 2152 Corporis
843 2064 967 2130 Christi
979 2065 1014 2128 in
1040 2065 1264 2134 Universitste

97 2149 306 2230 *Ononiensi
321 2151 389 2216 sint
403 2172 551 2238 perseum
565 2088 699 2230 hahilem,
715 2173 858 2238 capuces,
877 2159 965 2237 sptre
981 2161 1016 2215 et
1030 2162 1202 2252 perpetum
1228 2155 1262 2220 in

98 2235 198 2324 'legs
223 2238 267 2303 sd
290 2237 508 2324 perquirenda
531 2247 565 2302 et
589 2237 781 2326 recipiendo
803 2237 959 2310 dominio,
974 2259 1131 2314 manens,
1145 2249 1262 2318 terras,

111 2321 482 2403 tenementsmdditus,
492 2323 703 2402 reversiones,
714 2335 881 2425 spportus,
891 2325 1261 2413 portiones‚pensiones‚

110 2412 313 2491 ennuitstes,
336 2410 614 2491 hereditsments,
638 2434 865 2499 possessiones,
889 2422 924 2477 et
947 2412 1083 2477 servitis
1106 2434 1261 2497 quecun-

112 2517 188 2583 que,
201 2507 272 2563 tarn
288 2498 480 2585 temporalis
495 2519 593 2581 quem
604 2498 802 2585 spiritualis,
816 2520 854 2563 ue
867 2497 978 2566 omnia
992 2499 1078 2563 bone
1092 2508 1127 2563 st
1142 2500 1263 2565 estella

111 2605 330 2671 quecunque,
351 2593 420 2648 tem
443 2584 485 2651 de
504 2585 591 2649 dono
611 2594 721 2651 nostro
746 2606 843 2669 quem
866 2584 908 2649 de
931 2583 1017 2649 dono
1037 2584 1143 2671 ipsius
1158 2586 1261 2673 Epis·

98 2672 196 2757 copi,
216 2692 278 2735 serr
300 2670 438 2735 oliorum
460 2692 741 2755 quorumcunque,
759 2670 909 2735 hubendn
930 2679 966 2736 et
989 2670 1131 2736 tenende
1153 2672 1203 2736 eis
1226 2684 1264 2738 et

98 2756 470 2823 ¹eortunsucsessoribus
480 2758 733 2844 imperpetuum.
778 2757 830 2823 Ac
843 2758 945 2822 etism
960 2756 1049 2841 quod
1057 2757 1158 2852 iidem
1169 2759 1261 2827 Prte-

97 2842 221 2909 ·sidens
244 2853 279 2909 et
292 2842 465 2923 scholares,
485 2854 520 2908 et
535 2865 732 2909 successores
748 2844 814 2923 sui,
829 2864 891 2929 per
906 2841 993 2907 idem
1006 2864 1123 2909 nomen
1144 2854 1178 2910 et
1196 2848 1261 2910 sub

108 2930 227 2996 eodem
242 2930 384 3009 nomine,
408 2929 567 3017 placitare
581 2940 615 2995 et
632 2930 837 3017 implccimn,
853 2930 1014 3016 prosequi,
1029 2929 1205 2995 defendere
1226 2943 1269 3015 et,

109 3016 254 3085 defendi,
269 3014 469 3103 respondere
493 3026 529 3079 et
540 3015 742 3103 responderi,
757 3016 886 3115 possint
900 3024 935 3079 et
949 3014 1091 3094 valeant,
1106 3016 1142 3079 in
1155 3018 1262 3081 omni-

109 3105 176 3169 bus
189 3112 226 3167 ct
246 3101 385 3189 singulis
408 3104 524 3175 causis,
540 3102 691 3187 querelis,
707 3101 887 3167 actionibus
910 3100 1066 3178 realibus,
1081 3104 1261 3187 personali-

109 3191 184 3268 bus,
208 3200 244 3253 et
267 3189 388 3267 mixtis,
413 3194 636 3279 cujuscunque
665 3189 796 3275 generis
819 3188 941 3251 fuerint
970 3185 1039 3249 sire
1062 3197 1201 3268 neturus,
1225 3190 1260 3255 in

110 3278 360 3361 quibuscunque
389 3274 521 3361 plureis,
550 3274 628 3339 locis
665 3284 701 3337 et
733 3273 833 3337 curiis
861 3272 991 3350 nostris,
1020 3272 1188 3337 baeredum
1225 3288 1260 3342 et

108 3382 331 3431 suceessorum
354 3370 550 3441 soenorum,
571 3382 609 3424 sc
632 3360 667 3423 in
689 3360 819 3447 plausis,
835 3358 915 3422 locis
932 3367 968 3422 et
984 3357 1093 3435 cumis,
1118 3358 1259 3427 eliorum

98 3444 1261 3621 ·tatum?uttittssbltdtfflltdml{gille

105 3622 154 3689 sd
166 3643 208 3686 es
217 3642 257 3685 sc
270 3618 312 3685 sd
328 3620 435 3684 omniu
444 3628 479 3683 et
493 3618 622 3707 singule
629 3619 696 3684 slis
708 3617 866 3697 faciende,
874 3618 1002 3704 wude
1010 3627 1048 3682 et
1061 3582 1260 3706 recipieride,

134 3716 214 3774 rotrt
237 3717 272 3771 et
299 3707 336 3769 iu
360 3704 475 3771 eodem
504 3704 600 3771 modo
629 3726 693 3789 quo
722 3704 835 3769 eaeteri
863 3704 945 3793 ligei
969 3705 1083 3777 nostri,
1112 3726 1261 3793 persona

111 3732 240 3861 habiles
254 3802 289 3857 ct
303 3813 436 3879 cspsoes
454 3794 487 3856 in
503 3792 585 3879 lege,
600 3792 683 3856 inire
698 3792 786 3857 idem
808 3814 843 3856 re
890 3814 946 3858 um
963 3802 1121 3870 nostrum,
1136 3793 1262 3860 ficiunt

97 3893 146 3948 'et
171 3879 278 3945 lucere
302 3888 459 3965 poterunt
480 3878 516 3943 in
532 3879 639 3957 curiis,
654 3877 776 3965 pleceis
790 3888 826 3942 et
863 3878 927 3942 ocis
953 3878 1129 3964 prsedictis,
1151 3901 1259 3945 cerem

109 3962 300 4053 justitiariis
322 3976 358 4030 et
376 3964 544 4051 judicibus
569 3964 777 4053 supradietis.
829 3964 966 4029 Necnon
994 3964 1083 4050 quod
1109 3966 1261 4049 praedicti

111 4052 296 4120 presidens
304 4062 339 4116 et
354 4051 516 4115 scholares
524 4062 560 4115 et
575 4072 686 4115 eorum
702 4072 896 4115 successores
904 4048 1050 4113 habeant
1057 4070 1159 4111 unum
1171 4074 1261 4116 com·

96 4162 212 4207 mune
243 4138 250 4152 ’
277 4138 380 4211 llum,
396 4160 458 4225 pro
469 4138 609 4224 negotiis
623 4139 690 4202 suis
701 4136 844 4223 agendis
856 4138 1102 4221 imperpetuum
1120 4138 1259 4202 servitu-

112 4246 197 4293 rum.
269 4224 442 4305 tulterius,
450 4224 493 4291 de
504 4224 648 4290 uberiori
660 4224 768 4311 gretie
776 4232 888 4287 nostre
897 4218 1038 4307 speciali,
1048 4223 1261 4289 concessimus

108 4326 146 4381 ct
160 4312 325 4379 libentium
337 4309 498 4383 dedimus,
509 4332 546 4375 sc
560 4332 620 4397 per
634 4318 809 4397 praesemes
825 4304 1033 4372 concedimus
1047 4316 1082 4369 et
1095 4305 1261 4375 hceutism

97 4402 238 4472 -dsmus,
254 4415 317 4484 pre
337 4396 431 4461 nobis
442 4406 479 4461 ct
503 4393 689 4461 heredibus
712 4394 839 4472 nostru,
854 4392 1062 4475 quantumin
1085 4392 1178 4456 nobis
1197 4406 1259 4472 est,
