3000 4700
320 213 454 278 &ntutec
469 218 508 299 (ff
520 212 636 297 Corpus
655 213 772 278 Christi
791 211 916 297 Collega,
937 214 1064 298 Oafocd.
1226 214 1269 278 83

115 376 252 442 termini
280 399 302 441 a
324 376 474 464 Collegio
502 376 647 462 recipiat.
694 375 882 462 Discipulos
903 384 1013 442 autem
1042 379 1077 460 in
1106 377 1267 444 scholares
1278 401 1433 452 Pcmromof

115 462 206 527 intra
229 463 404 528 biennium
429 462 633 549 probationis
659 463 779 533 electos
804 471 837 526 et
866 474 1049 552 assumptos
1074 465 1266 565 pensionem
1277 460 1402 566 iifflm

116 547 287 636 discipulis
312 572 447 636 pernes
470 549 655 623 limitatam,
669 559 703 614 et
717 549 877 615 scholares
899 550 1088 636 hujusmodi
1106 551 1141 616 in
1156 549 1265 617 Socios
1276 578 1427 639 Presidents,

115 635 277 701 admissos
313 635 509 701 scholarium
544 637 746 722 pensionem,
778 659 837 723 pro
872 636 938 701 illis
967 639 1202 724 assumptionis
1231 647 1266 704 et
1277 637 1417 744 113th

116 719 324 787 admissionis
340 723 495 800 terminis,
511 724 677 808 percipere
691 721 897 787 concedimus
915 730 949 787 et
964 723 1124 790 volumus.
1168 725 1265 790 Vice-
1302 709 1367 756 ‘⁸⁰⁸’
1467 733 1473 742 '

115 807 298 896 praesidens
314 817 434 880 antem,
449 816 516 872 tam
539 830 598 895 pro
621 808 723 873 officio
744 830 804 872 suo
818 831 917 892 quam
932 831 992 894 pro
1010 810 1176 874 Decanatu
1192 812 1264 876 the-

114 893 246 980 ologiae,
258 894 401 982 singulis
416 896 508 958 annis
528 893 573 958 ad
586 909 726 978 quatuor
741 895 907 972 terminos,
920 917 978 981 per
992 918 1109 960 manus
1124 899 1263 984 Dispen-

113 988 272 1059 satorum,
287 981 376 1046 ultra
435 980 581 1046 nsionem
596 1003 689 1045 suam
709 981 773 1044 sibi
788 989 826 1044 ut
841 981 933 1047 Socio
947 981 1038 1067 prius
1055 983 1261 1068 assignatam,

113 1063 237 1151 viginti
249 1090 307 1132 sex
317 1068 380 1132 soli
405 1089 440 1131 os
450 1076 484 1131 et
499 1077 570 1131 octo
580 1065 730 1131 denarios
745 1089 805 1153 per
818 1067 956 1150 aquales
966 1068 1151 1154 portiones3
1173 1083 1262 1134 uter·

113 1175 180 1236 que
199 1153 408 1218 Decanorum
423 1152 574 1218 similiter
589 1152 742 1217 tredecim
755 1152 876 1217 solidos
892 1164 926 1219 et
940 1166 1081 1236 quatuor
1095 1153 1261 1225 denarios;

113 1248 255 1322 uterque
284 1240 553 1326 Dispensatorum
571 1239 724 1304 similiter
747 1237 903 1303 tredecim
924 1238 1044 1304 solidos
1065 1248 1099 1304 et
1120 1253 1263 1324 quatuor

114 1324 287 1403 denarios3
311 1325 432 1390 Lector
444 1325 514 1388 sive
526 1325 689 1402 Lectores,
699 1325 729 1388 si
743 1324 809 1388 duo
825 1324 956 1402 luerint,
969 1325 1189 1412 sophistarum
1203 1351 1263 1393 seu

113 1411 297 1496 logicorum
307 1434 366 1498 pro
375 1411 526 1495 quolibet
535 1410 636 1488 socio,
647 1410 791 1474 scholare
802 1419 859 1475 aut
869 1411 1037 1511 discipulo,
1049 1413 1199 1500 Collegii,
1209 1415 1263 1478 cui

112 1520 175 1583 per
189 1499 345 1583 majorem
358 1507 487 1584 partem
502 1497 636 1561 termini
648 1498 798 1584 legerint,
814 1496 1000 1581 quindecim
1014 1498 1164 1564 denarios
1178 1501 1265 1566 inter

113 1607 150 1647 se
175 1583 346 1666 aqualiter
368 1582 571 1661 dividendos,
618 1605 653 1646 ro
676 1583 864 1667 hujusmodi
885 1583 1017 1648 lecturis
1041 1593 1074 1650 et
1098 1587 1170 1650 aliis
1191 1610 1263 1672 quae

115 1669 169 1734 illi
192 1670 295 1734 officio
313 1670 524 1750 incumbunt,
539 1690 559 1732 a
575 1605 727 1754 dillegio
749 1671 815 1734 reci
839 1670 920 1735 ient.
967 1669 1023 1734 Ita
1038 1679 1158 1751 tamen,
1176 1675 1261 1737 utin

114 1756 208 1820 nullo
222 1757 338 1821 eodem
354 1755 495 1820 termino
509 1776 609 1841 supra
621 1755 739 1841 viginti
753 1691 873 1819 solidos
896 1758 983 1820 inter
1006 1781 1039 1822 se
1063 1779 1123 1844 pro
1145 1758 1261 1823 iisdem

114 1841 255 1928 exigant
291 1852 349 1907 aut
378 1842 524 1906 habeant
552 1840 776 1926 quovismodo,
806 1842 868 1906 nisi
897 1841 1029 1928 quando
1057 1844 1197 1930 logicam
1228 1845 1261 1909 in

115 1929 244 1993 Graecis
260 1927 428 2013 discipulis
439 1929 695 2012 interpretantur
708 1952 718 2005 ;
733 1935 811 1990 tunc
826 1929 912 1990 enirn
928 1927 1076 1992 volumus
1086 1939 1132 2010 ut,
1148 1953 1208 2016 pro
1223 1953 1262 1996 eo

112 2026 274 2099 tempore,
295 2036 356 2101 pro
381 2013 529 2096 quolibet
557 2014 610 2076 cui
637 2014 683 2076 sic
711 2014 890 2100 explanant
913 2014 1031 2098 viginti
1055 2014 1204 2080 denarios
1228 2019 1263 2081 in
1329 2083 1337 2098 ‚

112 2102 256 2166 termino
279 2102 445 2185 recipiant,
462 2100 491 2163 si
513 2100 562 2163 ita
583 2098 759 2164 videantur
777 2097 967 2163 Praesidenti
990 2107 1048 2162 aut
1070 2123 1108 2164 eo
1127 2101 1263 2167 absente

112 2186 385 2272 Vicepraesideuti
402 2196 437 2250 et
451 2186 583 2250 Lectori
600 2186 724 2250 Graecae
746 2183 850 2270 digni.
892 2185 958 2249 Pro
973 2185 1130 2251 ministris
1153 2196 1294 2292 autenrP
1338 2245 1348 2291 ¹
1399 2246 1429 2292 or

113 2274 226 2338 sacen
240 2283 300 2338 aut
313 2273 444 2336 famulis
458 2271 601 2358 conegn
624 2271 704 2358 avan
719 2271 762 2334 ab
778 2270 849 2334 ans
872 2280 930 2335 aut
945 2270 1095 2359 collegio
1118 2259 1398 2365 exiganc‚„⁶,¹;'.3{¹,⁸,

113 2383 197 2446 quos
220 2369 329 2425 tamen
344 2359 389 2425 ad
402 2381 572 2423 commune
588 2380 663 2422 cum
678 2358 845 2444 discipulis
868 2357 1066 2423 auditorium
1086 2359 1261 2427 admittere
1276 2365 1317 2411 &e

113 2457 302 2512 teneantur.
348 2446 491 2509 Sacrista
512 2451 621 2510 autem
635 2444 758 2509 habeat
780 2466 841 2531 pro
857 2443 913 2509 illo
929 2444 1030 2509 officio
1045 2446 1264 2535 quadraginta

113 2532 258 2612 solidos;
288 2543 322 2598 et
346 2533 530 2596 Praecentor
554 2529 751 2595 tantundem
778 2552 835 2613 pro
859 2552 930 2595 suo.
976 2528 1040 2608 Qui
1065 2532 1261 2613 Praecentor,

111 2619 280 2705 sijudicio
297 2617 509 2683 Praesidentis
521 2628 552 2680 et
567 2616 698 2702 majoris
720 2616 824 2701 partis
842 2616 1007 2681 seniorum
1032 2618 1207 2703 singularis
1229 2631 1264 2686 ct

113 2704 277 2770 excellens
305 2703 466 2775 videatur,
493 2712 632 2786 quatuor
659 2723 793 2765 marcas.
848 2701 1038 2767 Modulator
1066 2726 1263 2791 organorum

112 2792 234 2877 viginti
248 2813 305 2856 sex
319 2789 441 2855 solidos
461 2796 496 2852 et
511 2797 583 2853 octo
607 2787 770 2851 denarios.
817 2786 969 2853 Pulsator
983 2810 1216 2876 campanarum
1230 2803 1264 2857 et

113 2878 202 2942 idem
217 2879 367 2941 minister
386 2876 420 2939 in
436 2873 506 2938 rede
522 2874 669 2939 vestiario
682 2872 801 2959 viginti
820 2873 950 2947 solidos,
967 2881 1026 2937 aut
1041 2874 1085 2939 ad
1100 2899 1262 2942 summurn

111 2964 234 3051 viginti
249 2986 308 3029 sex
323 2961 446 3026 solidos
460 2968 494 3024 et
509 2971 580 3024 octo
601 2958 761 3023 denarios.
809 2952 956 3023 Clericus
982 2967 1092 3025 autem
1118 2966 1264 3047 computi

112 3049 236 3114 babeat
264 3071 324 3137 pro
354 3046 520 3133 stipendio
550 3045 789 3131 quinquaginta
818 3051 884 3109 tres
913 3043 1035 3109 solidos
1064 3054 1098 3109 et-
1123 3058 1264 3130 quatuor

111 3135 276 3201 denarios.
334 3134 522 3198 Obsonator
553 3133 623 3195 sive
652 3129 850 3217 mancipium
879 3128 1100 3215 quadraginta
1129 3132 1261 3199 solidos.

114 3222 276 3287 Pincerna
290 3221 418 3307 viginta
431 3217 563 3282 solidos.
612 3216 744 3281 Primus
759 3238 881 3297 coquus
895 3213 1115 3363 quadraginta
1129 3218 1260 3286 solidos.

113 3306 287 3373 Secundus
311 3328 434 3388 coquus
455 3326 516 3392 pro
531 3302 696 3389 stipendio
710 3308 745 3365 et
760 3301 1000 3365 conservatione
1048 3302 1175 3366 iscorun
1199 3325 1260 3388 pro

111 3394 232 3477 quibus
248 3391 444 3479 respondeat
453 3390 570 3474 viginti
579 3411 638 3453 sex
652 3386 772 3451 solidos
788 3395 822 3451 et
836 3395 909 3451 octo
924 3385 1086 3451 denarios.
1117 3386 1142 3451 J
1144 3390 1258 3469 enitor,

138 3502 174 3543 ro
202 3480 302 3544 officio
337 3499 409 3555 suo,
440 3476 576 3560 triginta
608 3484 674 3539 tres
704 3471 828 3536 solidos
863 3480 898 3537 et
933 3480 1074 3555 quatuor
1097 3472 1260 3543 denarios.

110 3502 254 3631 llabeat
268 3586 397 3649 quoque
414 3560 597 3626 Praesidens
622 3582 683 3647 pro
706 3558 836 3622 duobus
859 3558 990 3623 famulis
1009 3558 1077 3644 suis
1103 3560 1261 3644 quinqua·

112 3652 210 3738 ginta
235 3662 302 3716 tres
326 3649 446 3714 solidos
472 3657 506 3713 et
530 3654 671 3731 quatuor
695 3643 856 3708 denarios.
904 3642 1053 3723 Quodsi
1075 3645 1263 3714 Proesidcns

111 3760 186 3803 cum
201 3737 311 3821 aliquo
326 3737 462 3800 istorum
478 3732 751 3797 conductitiorum
766 3730 898 3794 minoris
912 3752 1008 3815 quam
1023 3732 1262 3819 assignavimus

111 3824 286 3890 convenire
355 3822 442 3892 terit,
455 3818 492 3883 id
507 3819 538 3882 ei
550 3818 649 3883 licere
671 3815 875 3882 decernimus
898 3826 932 3881 et
957 3816 1171 3885 declaramus.
1218 3820 1261 3885 Et
1272 3832 1393 3880 sarens

112 3933 156 3975 ne
191 3908 343 3996 discipui
372 3907 476 3971 nostri
499 3904 640 3990 Collegii
667 3902 825 3992 pensione
854 3923 915 4001 per
943 3924 1004 3966 nos
1032 3902 1080 3966 eie
1110 3892 1399 3995 concessaffiffilJJgfflto

112 4000 292 4061 abutantur
316 3995 351 4057 in
375 3994 499 4067 luxum,
514 3990 690 4055 statuimus
704 3997 743 4053 ut
757 4010 933 4071 unicuique
948 3987 1183 4072 discipulorum
1199 4011 1259 4074 per
1270 4007 1372 4079 ortum

113 4083 351 4147 Praesidentem
377 4102 463 4143 unus
488 4100 529 4141 ex
556 4076 660 4140 Sociis
689 4075 724 4138 in
748 4082 891 4139 tutorem
916 4072 1102 4159 deputetur,
1127 4075 1185 4155 qui
1206 4075 1393 4140 suiv¹¹⁸¹⁰¹²⁵

2 4208 11 4222 ι
113 4168 269 4255 discipuli
293 4188 403 4231 curam
435 4172 539 4251 gerat,
564 4168 635 4249 eJ’us
657 4160 819 4248 profectus
845 4156 997 4243 invigilet
1021 4165 1056 4221 et
1081 4159 1259 4233 incumbat,

112 4264 278 4320 errantem
300 4252 456 4337 corripiat
478 4259 521 4328 et,
537 4250 567 4312 si
581 4271 646 4312 non
671 4244 852 4333 graduatus
869 4244 967 4309 luerit
990 4265 1050 4307 nec
1072 4244 1259 4309 vicesimum

113 4341 219 4406 atatis
234 4362 358 4404 annum
371 4334 543 4407 excedens,
553 4334 754 4402 verberibus,
769 4331 820 4394 sin
835 4329 943 4396 minus
959 4329 1063 4401 aliter,
1079 4353 1154 4394 curn
1167 4353 1260 4417 opor-

1 4497 5 4509 ,
113 4436 184 4513 teat
198 4426 366 4511 corrigiat.
413 4422 480 4501 Qui
503 4430 593 4486 tutor
617 4418 807 4505 pensionem
831 4415 1021 4502 predictam
1045 4437 1107 4502 pro
1121 4439 1181 4483 suo
1197 4417 1260 4481 dis·
1399 4463 1471 4479 ⁴.

637 4503 715 4589 oo)
1066 4503 1132 4565 02
1197 4580 1201 4585 ,
