<?xml version="1.0" encoding="UTF-8"?>
<!DOCTYPE html PUBLIC "-//W3C//DTD XHTML 1.0 Transitional//EN"
    "http://www.w3.org/TR/xhtml1/DTD/xhtml1-transitional.dtd">
<html xmlns="http://www.w3.org/1999/xhtml" xml:lang="en" lang="en">
 <head>
  <title>
</title>
<meta http-equiv="Content-Type" content="text/html;charset=utf-8" />
  <meta name='ocr-system' content='tesseract 3.04.00' />
  <meta name='ocr-capabilities' content='ocr_page ocr_carea ocr_par ocr_line ocrx_word'/>
</head>
<body>
  <div class='ocr_page' id='page_1' title='image "./statutescollege02oxfogoog_0050.png"; bbox 0 0 3000 4700; ppageno 0'>
   <div class='ocr_carea' id='block_1_1' title="bbox 296 195 1242 284">
    <p class='ocr_par' dir='ltr' id='par_1_1' title="bbox 296 195 1242 284">
     <span class='ocr_line' id='line_1_1' title="bbox 296 195 1242 284; baseline 0.003 -21"><span class='ocrx_word' id='word_1_1' title='bbox 296 197 432 263; x_wconf 79' lang='lat' dir='ltr'><strong>Stotutes</strong></span> <span class='ocrx_word' id='word_1_2' title='bbox 445 201 483 274; x_wconf 83' lang='lat' dir='ltr'><strong>of</strong></span> <span class='ocrx_word' id='word_1_3' title='bbox 496 195 621 281; x_wconf 64' lang='lat' dir='ltr'><strong>Comus</strong></span> <span class='ocrx_word' id='word_1_4' title='bbox 633 195 756 278; x_wconf 32' lang='lat' dir='ltr'><strong>Christi,</strong></span> <span class='ocrx_word' id='word_1_5' title='bbox 770 195 895 281; x_wconf 77' lang='lat' dir='ltr'><strong>Collepe,</strong></span> <span class='ocrx_word' id='word_1_6' title='bbox 915 199 1043 284; x_wconf 75' lang='lat' dir='ltr'><strong>Oxford.</strong></span> <span class='ocrx_word' id='word_1_7' title='bbox 1198 205 1242 267; x_wconf 77' lang='lat'><strong>25</strong></span> 
     </span>
    </p>
   </div>
   <div class='ocr_carea' id='block_1_2' title="bbox 75 360 1305 3122">
    <p class='ocr_par' dir='ltr' id='par_1_2' title="bbox 75 360 1305 3122">
     <span class='ocr_line' id='line_1_2' title="bbox 84 360 1241 450; baseline 0.01 -28"><span class='ocrx_word' id='word_1_8' title='bbox 84 360 198 424; x_wconf 86' lang='lat' dir='ltr'><strong>absit!</strong></span> <span class='ocrx_word' id='word_1_9' title='bbox 221 361 322 446; x_wconf 88' lang='lat' dir='ltr'><strong>juxta</strong></span> <span class='ocrx_word' id='word_1_10' title='bbox 337 361 474 425; x_wconf 74' lang='lat' dir='ltr'><strong>formam</strong></span> <span class='ocrx_word' id='word_1_11' title='bbox 492 368 524 424; x_wconf 92' lang='lat' dir='ltr'><strong>et</strong></span> <span class='ocrx_word' id='word_1_12' title='bbox 544 361 743 447; x_wconf 82' lang='lat' dir='ltr'><strong>exigentiam</strong></span> <span class='ocrx_word' id='word_1_13' title='bbox 768 368 966 428; x_wconf 86' lang='lat' dir='ltr'><strong>statutorum</strong></span> <span class='ocrx_word' id='word_1_14' title='bbox 981 367 1204 450; x_wconf 78' lang='lat' dir='ltr'><strong>praesentium,</strong></span> <span class='ocrx_word' id='word_1_15' title='bbox 1221 391 1241 433; x_wconf 91' lang='lat' dir='ltr'><strong>a</strong></span> 
     </span>
     <span class='ocr_line' id='line_1_3' title="bbox 85 447 1240 534; baseline 0.01 -26"><span class='ocrx_word' id='word_1_16' title='bbox 85 447 241 532; x_wconf 87' lang='lat' dir='ltr'><strong>Collegio</strong></span> <span class='ocrx_word' id='word_1_17' title='bbox 264 447 423 534; x_wconf 87' lang='lat' dir='ltr'><strong>praedicto</strong></span> <span class='ocrx_word' id='word_1_18' title='bbox 450 447 569 532; x_wconf 84' lang='lat' dir='ltr'>expelli</span> <span class='ocrx_word' id='word_1_19' title='bbox 597 470 657 511; x_wconf 87' lang='lat' dir='ltr'><strong>seu</strong></span> <span class='ocrx_word' id='word_1_20' title='bbox 686 450 828 513; x_wconf 90' lang='lat' dir='ltr'><strong>amoveri</strong></span> <span class='ocrx_word' id='word_1_21' title='bbox 855 469 914 534; x_wconf 89' lang='lat' dir='ltr'><strong>per</strong></span> <span class='ocrx_word' id='word_1_22' title='bbox 944 451 1177 518; x_wconf 87' lang='lat' dir='ltr'><strong>Praesidentem</strong></span> <span class='ocrx_word' id='word_1_23' title='bbox 1206 464 1240 520; x_wconf 90' lang='lat' dir='ltr'><strong>ct</strong></span> 
     </span>
     <span class='ocr_line' id='line_1_4' title="bbox 83 533 1238 621; baseline 0.008 -25"><span class='ocrx_word' id='word_1_24' title='bbox 83 533 172 596; x_wconf 89' lang='lat' dir='ltr'><strong>alias</strong></span> <span class='ocrx_word' id='word_1_25' title='bbox 201 556 358 620; x_wconf 79' lang='lat' dir='ltr'><strong>personas</strong></span> <span class='ocrx_word' id='word_1_26' title='bbox 387 534 423 606; x_wconf 87' lang='lat' dir='ltr'><strong>in</strong></span> <span class='ocrx_word' id='word_1_27' title='bbox 449 533 635 619; x_wconf 88' lang='lat' dir='ltr'><strong>hujusmodi</strong></span> <span class='ocrx_word' id='word_1_28' title='bbox 665 535 859 620; x_wconf 79' lang='lat' dir='ltr'><strong>expulsione</strong></span> <span class='ocrx_word' id='word_1_29' title='bbox 887 538 1045 602; x_wconf 87' lang='lat' dir='ltr'><strong>iuteresse</strong></span> <span class='ocrx_word' id='word_1_30' title='bbox 1071 540 1238 621; x_wconf 87' lang='lat' dir='ltr'><strong>habentes,</strong></span> 
     </span>
     <span class='ocr_line' id='line_1_5' title="bbox 82 619 1237 712; baseline 0.008 -30"><span class='ocrx_word' id='word_1_31' title='bbox 82 619 195 700; x_wconf 81' lang='lat' dir='ltr'><strong>ipsum</strong></span> <span class='ocrx_word' id='word_1_32' title='bbox 213 620 451 684; x_wconf 77' lang='lat' dir='ltr'><strong>Praesidentem</strong></span> <span class='ocrx_word' id='word_1_33' title='bbox 466 620 519 683; x_wconf 88' lang='lat' dir='ltr'><strong>vel</strong></span> <span class='ocrx_word' id='word_1_34' title='bbox 534 642 589 684; x_wconf 89' lang='lat' dir='ltr'><strong>eas</strong></span> <span class='ocrx_word' id='word_1_35' title='bbox 613 642 770 706; x_wconf 83' lang='lat' dir='ltr'><strong>personas</strong></span> <span class='ocrx_word' id='word_1_36' title='bbox 784 621 838 684; x_wconf 91' lang='lat' dir='ltr'><strong>vel</strong></span> <span class='ocrx_word' id='word_1_37' title='bbox 851 644 963 687; x_wconf 89' lang='lat' dir='ltr'><strong>earum</strong></span> <span class='ocrx_word' id='word_1_38' title='bbox 978 625 1131 712; x_wconf 87' lang='lat' dir='ltr'><strong>aliquam,</strong></span> <span class='ocrx_word' id='word_1_39' title='bbox 1147 647 1237 691; x_wconf 88' lang='lat' dir='ltr'><strong>occa-</strong></span> 
     </span>
     <span class='ocr_line' id='line_1_6' title="bbox 84 705 1236 810; baseline 0.01 -44"><span class='ocrx_word' id='word_1_40' title='bbox 84 706 181 769; x_wconf 90' lang='lat' dir='ltr'><strong>sione</strong></span> <span class='ocrx_word' id='word_1_41' title='bbox 195 706 397 792; x_wconf 86' lang='lat' dir='ltr'><strong>expulsionis</strong></span> <span class='ocrx_word' id='word_1_42' title='bbox 410 705 461 770; x_wconf 91' lang='lat' dir='ltr'><strong>vel</strong></span> <span class='ocrx_word' id='word_1_43' title='bbox 475 707 648 770; x_wconf 88' lang='lat' dir='ltr'><strong>amotionis</strong></span> <span class='ocrx_word' id='word_1_44' title='bbox 658 705 857 792; x_wconf 88' lang='lat' dir='ltr'><strong>hujusmodi,</strong></span> <span class='ocrx_word' id='word_1_45' title='bbox 867 731 1035 810; x_wconf 87' lang='lat' dir='ltr'><strong>nunquam</strong></span> <span class='ocrx_word' id='word_1_46' title='bbox 1047 734 1236 799; x_wconf 83' lang='lat' dir='ltr'><strong>persequar,</strong></span> 
     </span>
     <span class='ocr_line' id='line_1_7' title="bbox 84 793 1237 879; baseline 0.009 -27"><span class='ocrx_word' id='word_1_47' title='bbox 84 793 271 857; x_wconf 80' lang='lat' dir='ltr'><strong>molestabo</strong></span> <span class='ocrx_word' id='word_1_48' title='bbox 294 814 351 856; x_wconf 89' lang='lat' dir='ltr'><strong>seu</strong></span> <span class='ocrx_word' id='word_1_49' title='bbox 368 793 568 879; x_wconf 87' lang='lat' dir='ltr'><strong>inquietabo,</strong></span> <span class='ocrx_word' id='word_1_50' title='bbox 587 815 647 878; x_wconf 90' lang='lat' dir='ltr'><strong>per</strong></span> <span class='ocrx_word' id='word_1_51' title='bbox 666 813 720 855; x_wconf 87' lang='lat' dir='ltr'><strong>me</strong></span> <span class='ocrx_word' id='word_1_52' title='bbox 740 793 839 856; x_wconf 91' lang='lat' dir='ltr'><strong>alium</strong></span> <span class='ocrx_word' id='word_1_53' title='bbox 854 796 906 858; x_wconf 89' lang='lat' dir='ltr'><strong>vel</strong></span> <span class='ocrx_word' id='word_1_54' title='bbox 920 797 1011 878; x_wconf 84' lang='lat' dir='ltr'><strong>alios,</strong></span> <span class='ocrx_word' id='word_1_55' title='bbox 1034 820 1091 862; x_wconf 92' lang='lat' dir='ltr'><strong>seu</strong></span> <span class='ocrx_word' id='word_1_56' title='bbox 1107 800 1150 862; x_wconf 91' lang='lat' dir='ltr'><strong>ab</strong></span> <span class='ocrx_word' id='word_1_57' title='bbox 1164 798 1237 862; x_wconf 90' lang='lat' dir='ltr'><strong>aliis</strong></span> 
     </span>
     <span class='ocr_line' id='line_1_8' title="bbox 83 878 1235 968; baseline 0.008 -27"><span class='ocrx_word' id='word_1_58' title='bbox 83 879 254 965; x_wconf 81' lang='lat' dir='ltr'><strong>persequi,</strong></span> <span class='ocrx_word' id='word_1_59' title='bbox 270 880 436 966; x_wconf 73' lang='lat' dir='ltr'><strong>molestari</strong></span> <span class='ocrx_word' id='word_1_60' title='bbox 451 901 509 942; x_wconf 89' lang='lat' dir='ltr'><strong>seu</strong></span> <span class='ocrx_word' id='word_1_61' title='bbox 528 879 561 942; x_wconf 88' lang='lat' dir='ltr'><strong>iu</strong></span> <span class='ocrx_word' id='word_1_62' title='bbox 587 878 705 942; x_wconf 85' lang='lat' dir='ltr'><strong>nictari</strong></span> <span class='ocrx_word' id='word_1_63' title='bbox 719 879 977 964; x_wconf 88' lang='lat' dir='ltr'><strong>quomodolibet,</strong></span> <span class='ocrx_word' id='word_1_64' title='bbox 992 885 1184 968; x_wconf 78' lang='lat' dir='ltr'><strong>procurabo,</strong></span> <span class='ocrx_word' id='word_1_65' title='bbox 1201 886 1235 949; x_wconf 91' lang='lat' dir='ltr'><strong>iu</strong></span> 
     </span>
     <span class='ocr_line' id='line_1_9' title="bbox 84 902 1236 1055; baseline 0.009 -31"><span class='ocrx_word' id='word_1_66' title='bbox 84 965 159 1028; x_wconf 86' lang='lat' dir='ltr'><strong>foro</strong></span> <span class='ocrx_word' id='word_1_67' title='bbox 175 965 392 1028; x_wconf 89' lang='lat' dir='ltr'><strong>ecclesiastico</strong></span> <span class='ocrx_word' id='word_1_68' title='bbox 408 987 465 1028; x_wconf 89' lang='lat' dir='ltr'><strong>sen</strong></span> <span class='ocrx_word' id='word_1_69' title='bbox 489 902 645 1043; x_wconf 82' lang='lat' dir='ltr'><strong>saecillari‚</strong></span> <span class='ocrx_word' id='word_1_70' title='bbox 662 987 719 1029; x_wconf 91' lang='lat' dir='ltr'><strong>seu</strong></span> <span class='ocrx_word' id='word_1_71' title='bbox 745 966 810 1029; x_wconf 91' lang='lat' dir='ltr'><strong>alio</strong></span> <span class='ocrx_word' id='word_1_72' title='bbox 823 966 921 1030; x_wconf 90' lang='lat' dir='ltr'><strong>modo</strong></span> <span class='ocrx_word' id='word_1_73' title='bbox 936 989 1151 1055; x_wconf 89' lang='lat' dir='ltr'><strong>quocunque;</strong></span> <span class='ocrx_word' id='word_1_74' title='bbox 1175 972 1236 1034; x_wconf 88' lang='lat' dir='ltr'><strong>sed</strong></span> 
     </span>
     <span class='ocr_line' id='line_1_10' title="bbox 83 1051 1235 1140; baseline 0.007 -27"><span class='ocrx_word' id='word_1_75' title='bbox 83 1052 179 1115; x_wconf 91' lang='lat' dir='ltr'><strong>omni</strong></span> <span class='ocrx_word' id='word_1_76' title='bbox 205 1053 324 1114; x_wconf 91' lang='lat' dir='ltr'><strong>actioni</strong></span> <span class='ocrx_word' id='word_1_77' title='bbox 346 1051 502 1130; x_wconf 87' lang='lat' dir='ltr'><strong>saeculari,</strong></span> <span class='ocrx_word' id='word_1_78' title='bbox 528 1052 693 1115; x_wconf 84' lang='lat' dir='ltr'><strong>canonicae</strong></span> <span class='ocrx_word' id='word_1_79' title='bbox 715 1051 767 1115; x_wconf 87' lang='lat' dir='ltr'><strong>vel</strong></span> <span class='ocrx_word' id='word_1_80' title='bbox 785 1053 882 1125; x_wconf 88' lang='lat' dir='ltr'><strong>civili,</strong></span> <span class='ocrx_word' id='word_1_81' title='bbox 900 1054 1177 1140; x_wconf 81' lang='lat' dir='ltr'><strong>appellationique</strong></span> <span class='ocrx_word' id='word_1_82' title='bbox 1200 1068 1235 1121; x_wconf 86' lang='lat' dir='ltr'><strong>et</strong></span> 
     </span>
     <span class='ocr_line' id='line_1_11' title="bbox 79 1135 1234 1226; baseline 0.006 -28"><span class='ocrx_word' id='word_1_83' title='bbox 79 1135 242 1222; x_wconf 89' lang='lat' dir='ltr'><strong>querelae,</strong></span> <span class='ocrx_word' id='word_1_84' title='bbox 261 1139 295 1200; x_wconf 91' lang='lat' dir='ltr'><strong>in</strong></span> <span class='ocrx_word' id='word_1_85' title='bbox 316 1159 355 1202; x_wconf 91' lang='lat' dir='ltr'><strong>ea</strong></span> <span class='ocrx_word' id='word_1_86' title='bbox 368 1149 461 1223; x_wconf 88' lang='lat' dir='ltr'><strong>parte</strong></span> <span class='ocrx_word' id='word_1_87' title='bbox 478 1137 642 1213; x_wconf 84' lang='lat' dir='ltr'><strong>faciendis,</strong></span> <span class='ocrx_word' id='word_1_88' title='bbox 659 1149 692 1201; x_wconf 90' lang='lat' dir='ltr'><strong>ct</strong></span> <span class='ocrx_word' id='word_1_89' title='bbox 707 1139 928 1223; x_wconf 88' lang='lat' dir='ltr'><strong>quarumlibet</strong></span> <span class='ocrx_word' id='word_1_90' title='bbox 941 1141 1110 1204; x_wconf 88' lang='lat' dir='ltr'><strong>literarum</strong></span> <span class='ocrx_word' id='word_1_91' title='bbox 1129 1144 1234 1226; x_wconf 84' lang='lat' dir='ltr'><strong>impe-</strong></span> 
     </span>
     <span class='ocr_line' id='line_1_12' title="bbox 82 1223 1233 1310; baseline 0.007 -27"><span class='ocrx_word' id='word_1_92' title='bbox 82 1224 227 1302; x_wconf 79' lang='lat' dir='ltr'><strong>trationi‚</strong></span> <span class='ocrx_word' id='word_1_93' title='bbox 244 1223 405 1308; x_wconf 87' lang='lat' dir='ltr'><strong>precibus,</strong></span> <span class='ocrx_word' id='word_1_94' title='bbox 420 1224 585 1287; x_wconf 85' lang='lat' dir='ltr'><strong>instantiis</strong></span> <span class='ocrx_word' id='word_1_95' title='bbox 595 1224 792 1310; x_wconf 87' lang='lat' dir='ltr'><strong>Principum,</strong></span> <span class='ocrx_word' id='word_1_96' title='bbox 808 1225 1031 1296; x_wconf 87' lang='lat' dir='ltr'><strong>Praelatorum,</strong></span> <span class='ocrx_word' id='word_1_97' title='bbox 1051 1227 1233 1299; x_wconf 86' lang='lat' dir='ltr'><strong>Procerum,</strong></span> 
     </span>
     <span class='ocr_line' id='line_1_13' title="bbox 83 1309 1234 1399; baseline 0.005 -27"><span class='ocrx_word' id='word_1_98' title='bbox 83 1309 290 1396; x_wconf 84' lang='lat' dir='ltr'><strong>Magnetum</strong></span> <span class='ocrx_word' id='word_1_99' title='bbox 310 1319 344 1372; x_wconf 91' lang='lat' dir='ltr'><strong>et</strong></span> <span class='ocrx_word' id='word_1_100' title='bbox 358 1309 494 1372; x_wconf 90' lang='lat' dir='ltr'><strong>aliorum</strong></span> <span class='ocrx_word' id='word_1_101' title='bbox 518 1331 794 1396; x_wconf 87' lang='lat' dir='ltr'><strong>quorumcunque,</strong></span> <span class='ocrx_word' id='word_1_102' title='bbox 819 1334 855 1375; x_wconf 89' lang='lat' dir='ltr'><strong>ao</strong></span> <span class='ocrx_word' id='word_1_103' title='bbox 871 1312 1069 1396; x_wconf 85' lang='lat' dir='ltr'><strong>quibuslibet</strong></span> <span class='ocrx_word' id='word_1_104' title='bbox 1086 1313 1168 1399; x_wconf 87' lang='lat' dir='ltr'><strong>juris</strong></span> <span class='ocrx_word' id='word_1_105' title='bbox 1183 1316 1234 1378; x_wconf 84' lang='lat' dir='ltr'><strong>vel</strong></span> 
     </span>
     <span class='ocr_line' id='line_1_14' title="bbox 82 1396 1232 1484; baseline 0.005 -26"><span class='ocrx_word' id='word_1_106' title='bbox 82 1396 164 1459; x_wconf 84' lang='lat' dir='ltr'><strong>facti</strong></span> <span class='ocrx_word' id='word_1_107' title='bbox 189 1396 341 1459; x_wconf 91' lang='lat' dir='ltr'><strong>remediis</strong></span> <span class='ocrx_word' id='word_1_108' title='bbox 366 1396 445 1475; x_wconf 86' lang='lat' dir='ltr'><strong>aliis,</strong></span> <span class='ocrx_word' id='word_1_109' title='bbox 469 1418 529 1481; x_wconf 91' lang='lat' dir='ltr'><strong>per</strong></span> <span class='ocrx_word' id='word_1_110' title='bbox 553 1419 625 1483; x_wconf 78' lang='lat' dir='ltr'><strong>quaa</strong></span> <span class='ocrx_word' id='word_1_111' title='bbox 647 1418 700 1459; x_wconf 90' lang='lat' dir='ltr'><strong>me</strong></span> <span class='ocrx_word' id='word_1_112' title='bbox 725 1405 837 1482; x_wconf 89' lang='lat' dir='ltr'><strong>petere</strong></span> <span class='ocrx_word' id='word_1_113' title='bbox 866 1399 988 1484; x_wconf 89' lang='lat' dir='ltr'><strong>possim</strong></span> <span class='ocrx_word' id='word_1_114' title='bbox 1013 1400 1048 1462; x_wconf 91' lang='lat' dir='ltr'><strong>iu</strong></span> <span class='ocrx_word' id='word_1_115' title='bbox 1067 1399 1137 1464; x_wconf 92' lang='lat' dir='ltr'><strong>inte</strong></span> <span class='ocrx_word' id='word_1_116' title='bbox 1201 1423 1232 1464; x_wconf 91' lang='lat' dir='ltr'><strong>m</strong></span> 
     </span>
     <span class='ocr_line' id='line_1_15' title="bbox 81 1422 1234 1572; baseline 0.004 -27"><span class='ocrx_word' id='word_1_117' title='bbox 81 1482 225 1552; x_wconf 90' lang='lat' dir='ltr'><strong>restitui,</strong></span> <span class='ocrx_word' id='word_1_118' title='bbox 240 1483 293 1545; x_wconf 86' lang='lat' dir='ltr'><strong>vcl</strong></span> <span class='ocrx_word' id='word_1_119' title='bbox 309 1481 416 1564; x_wconf 85' lang='lat' dir='ltr'><strong>adjus</strong></span> <span class='ocrx_word' id='word_1_120' title='bbox 432 1493 466 1546; x_wconf 92' lang='lat' dir='ltr'><strong>et</strong></span> <span class='ocrx_word' id='word_1_121' title='bbox 478 1483 611 1545; x_wconf 91' lang='lat' dir='ltr'><strong>titulum</strong></span> <span class='ocrx_word' id='word_1_122' title='bbox 628 1504 686 1546; x_wconf 90' lang='lat' dir='ltr'><strong>seu</strong></span> <span class='ocrx_word' id='word_1_123' title='bbox 701 1485 938 1568; x_wconf 89' lang='lat' dir='ltr'><strong>possessionem</strong></span> <span class='ocrx_word' id='word_1_124' title='bbox 953 1485 988 1549; x_wconf 90' lang='lat' dir='ltr'><strong>in</strong></span> <span class='ocrx_word' id='word_1_125' title='bbox 1003 1485 1073 1572; x_wconf 89' lang='lat' dir='ltr'><strong>ipso</strong></span> <span class='ocrx_word' id='word_1_126' title='bbox 1083 1422 1234 1572; x_wconf 40' lang='lat' dir='ltr'><strong>collinae</strong></span> 
     </span>
     <span class='ocr_line' id='line_1_16' title="bbox 81 1567 1233 1658; baseline 0.005 -28"><span class='ocrx_word' id='word_1_127' title='bbox 81 1567 291 1631; x_wconf 81' lang='lat' dir='ltr'><strong>vendicanda</strong></span> <span class='ocrx_word' id='word_1_128' title='bbox 305 1568 511 1646; x_wconf 88' lang='lat' dir='ltr'><strong>reconciliari,</strong></span> <span class='ocrx_word' id='word_1_129' title='bbox 534 1568 568 1630; x_wconf 91' lang='lat' dir='ltr'><strong>in</strong></span> <span class='ocrx_word' id='word_1_130' title='bbox 584 1568 648 1630; x_wconf 91' lang='lat' dir='ltr'><strong>vim</strong></span> <span class='ocrx_word' id='word_1_131' title='bbox 664 1570 752 1655; x_wconf 90' lang='lat' dir='ltr'><strong>pacti</strong></span> <span class='ocrx_word' id='word_1_132' title='bbox 768 1571 921 1635; x_wconf 89' lang='lat' dir='ltr'><strong>renuntio</strong></span> <span class='ocrx_word' id='word_1_133' title='bbox 935 1593 1086 1657; x_wconf 77' lang='lat' dir='ltr'><strong>expresse</strong></span> <span class='ocrx_word' id='word_1_134' title='bbox 1100 1573 1133 1635; x_wconf 90' lang='lat' dir='ltr'><strong>in</strong></span> <span class='ocrx_word' id='word_1_135' title='bbox 1147 1593 1233 1658; x_wconf 74' lang='lat' dir='ltr'><strong>praa·</strong></span> 
     </span>
     <span class='ocr_line' id='line_1_17' title="bbox 81 1653 1233 1743; baseline 0.004 -27"><span class='ocrx_word' id='word_1_136' title='bbox 81 1655 183 1731; x_wconf 87' lang='lat' dir='ltr'><strong>senti,</strong></span> <span class='ocrx_word' id='word_1_137' title='bbox 209 1664 242 1717; x_wconf 88' lang='lat' dir='ltr'><strong>et</strong></span> <span class='ocrx_word' id='word_1_138' title='bbox 259 1655 453 1719; x_wconf 85' lang='lat' dir='ltr'><strong>renuntiabo</strong></span> <span class='ocrx_word' id='word_1_139' title='bbox 466 1655 499 1716; x_wconf 89' lang='lat' dir='ltr'><strong>iu</strong></span> <span class='ocrx_word' id='word_1_140' title='bbox 517 1653 654 1739; x_wconf 88' lang='lat' dir='ltr'><strong>scriptis,</strong></span> <span class='ocrx_word' id='word_1_141' title='bbox 671 1656 699 1718; x_wconf 92' lang='lat' dir='ltr'><strong>si</strong></span> <span class='ocrx_word' id='word_1_142' title='bbox 717 1664 851 1720; x_wconf 88' lang='lat' dir='ltr'><strong>exactus</strong></span> <span class='ocrx_word' id='word_1_143' title='bbox 864 1657 959 1720; x_wconf 85' lang='lat' dir='ltr'><strong>fuero</strong></span> <span class='ocrx_word' id='word_1_144' title='bbox 982 1659 1017 1720; x_wconf 94' lang='lat' dir='ltr'><strong>in</strong></span> <span class='ocrx_word' id='word_1_145' title='bbox 1032 1680 1106 1722; x_wconf 88' lang='lat' dir='ltr'><strong>mea</strong></span> <span class='ocrx_word' id='word_1_146' title='bbox 1120 1660 1233 1743; x_wconf 81' lang='lat' dir='ltr'><strong>expul-</strong></span> 
     </span>
     <span class='ocr_line' id='line_1_18' title="bbox 81 1738 1233 1830; baseline 0.005 -28"><span class='ocrx_word' id='word_1_147' title='bbox 81 1742 184 1803; x_wconf 89' lang='lat' dir='ltr'><strong>sione.</strong></span> <span class='ocrx_word' id='word_1_148' title='bbox 232 1738 330 1819; x_wconf 87' lang='lat' dir='ltr'><strong>Item,</strong></span> <span class='ocrx_word' id='word_1_149' title='bbox 344 1742 473 1826; x_wconf 88' lang='lat' dir='ltr'><strong>quoties</strong></span> <span class='ocrx_word' id='word_1_150' title='bbox 487 1741 657 1826; x_wconf 88' lang='lat' dir='ltr'><strong>continget</strong></span> <span class='ocrx_word' id='word_1_151' title='bbox 673 1763 724 1804; x_wconf 89' lang='lat' dir='ltr'><strong>me</strong></span> <span class='ocrx_word' id='word_1_152' title='bbox 739 1741 849 1828; x_wconf 86' lang='lat' dir='ltr'><strong>aliqua</strong></span> <span class='ocrx_word' id='word_1_153' title='bbox 859 1750 986 1807; x_wconf 88' lang='lat' dir='ltr'><strong>statuta</strong></span> <span class='ocrx_word' id='word_1_154' title='bbox 999 1744 1080 1808; x_wconf 91' lang='lat' dir='ltr'><strong>dicti</strong></span> <span class='ocrx_word' id='word_1_155' title='bbox 1092 1744 1233 1830; x_wconf 85' lang='lat' dir='ltr'><strong>Collegii</strong></span> 
     </span>
     <span class='ocr_line' id='line_1_19' title="bbox 81 1826 1233 1913; baseline 0.004 -24"><span class='ocrx_word' id='word_1_156' title='bbox 81 1835 143 1890; x_wconf 90' lang='lat' dir='ltr'><strong>aut</strong></span> <span class='ocrx_word' id='word_1_157' title='bbox 167 1826 310 1913; x_wconf 90' lang='lat' dir='ltr'><strong>aliquam</strong></span> <span class='ocrx_word' id='word_1_158' title='bbox 338 1827 371 1890; x_wconf 91' lang='lat' dir='ltr'><strong>in</strong></span> <span class='ocrx_word' id='word_1_159' title='bbox 395 1827 442 1891; x_wconf 90' lang='lat' dir='ltr'><strong>eis</strong></span> <span class='ocrx_word' id='word_1_160' title='bbox 464 1826 668 1912; x_wconf 84' lang='lat' dir='ltr'><strong>particulam,</strong></span> <span class='ocrx_word' id='word_1_161' title='bbox 685 1848 760 1911; x_wconf 86' lang='lat' dir='ltr'><strong>quae</strong></span> <span class='ocrx_word' id='word_1_162' title='bbox 777 1850 830 1892; x_wconf 91' lang='lat' dir='ltr'><strong>me</strong></span> <span class='ocrx_word' id='word_1_163' title='bbox 853 1831 1026 1903; x_wconf 84' lang='lat' dir='ltr'><strong>concomit,</strong></span> <span class='ocrx_word' id='word_1_164' title='bbox 1039 1830 1162 1894; x_wconf 85' lang='lat' dir='ltr'><strong>violare</strong></span> <span class='ocrx_word' id='word_1_165' title='bbox 1176 1842 1233 1895; x_wconf 90' lang='lat' dir='ltr'><strong>aut</strong></span> 
     </span>
     <span class='ocr_line' id='line_1_20' title="bbox 81 1914 1233 1998; baseline 0.003 -23"><span class='ocrx_word' id='word_1_166' title='bbox 81 1935 151 1977; x_wconf 93' lang='lat' dir='ltr'><strong>non</strong></span> <span class='ocrx_word' id='word_1_167' title='bbox 165 1914 351 1984; x_wconf 89' lang='lat' dir='ltr'><strong>observare,</strong></span> <span class='ocrx_word' id='word_1_168' title='bbox 361 1935 479 1998; x_wconf 89' lang='lat' dir='ltr'><strong>poenas</strong></span> <span class='ocrx_word' id='word_1_169' title='bbox 494 1921 617 1992; x_wconf 81' lang='lat' dir='ltr'><strong>omncs,</strong></span> <span class='ocrx_word' id='word_1_170' title='bbox 633 1934 708 1998; x_wconf 88' lang='lat' dir='ltr'><strong>quae</strong></span> <span class='ocrx_word' id='word_1_171' title='bbox 718 1914 894 1978; x_wconf 89' lang='lat' dir='ltr'><strong>secundum</strong></span> <span class='ocrx_word' id='word_1_172' title='bbox 905 1916 1041 1978; x_wconf 83' lang='lat' dir='ltr'><strong>formam</strong></span> <span class='ocrx_word' id='word_1_173' title='bbox 1054 1916 1233 1980; x_wconf 90' lang='lat' dir='ltr'><strong>eorundem</strong></span> 
     </span>
     <span class='ocr_line' id='line_1_21' title="bbox 81 1998 1233 2084; baseline 0.004 -23"><span class='ocrx_word' id='word_1_174' title='bbox 81 2007 283 2063; x_wconf 87' lang='lat' dir='ltr'><strong>statutorum</strong></span> <span class='ocrx_word' id='word_1_175' title='bbox 300 1998 379 2062; x_wconf 90' lang='lat' dir='ltr'><strong>mihi</strong></span> <span class='ocrx_word' id='word_1_176' title='bbox 398 1999 598 2084; x_wconf 87' lang='lat' dir='ltr'><strong>infligentur,</strong></span> <span class='ocrx_word' id='word_1_177' title='bbox 617 2000 688 2062; x_wconf 90' lang='lat' dir='ltr'><strong>sine</strong></span> <span class='ocrx_word' id='word_1_178' title='bbox 703 2001 958 2063; x_wconf 87' lang='lat' dir='ltr'><strong>contradictione</strong></span> <span class='ocrx_word' id='word_1_179' title='bbox 979 2000 1107 2072; x_wconf 87' lang='lat' dir='ltr'><strong>subibo,</strong></span> <span class='ocrx_word' id='word_1_180' title='bbox 1129 2009 1164 2064; x_wconf 88' lang='lat' dir='ltr'><strong>et</strong></span> <span class='ocrx_word' id='word_1_181' title='bbox 1180 2023 1233 2066; x_wconf 91' lang='lat' dir='ltr'><strong>me</strong></span> 
     </span>
     <span class='ocr_line' id='line_1_22' title="bbox 81 2085 1234 2171; baseline 0.002 -23"><span class='ocrx_word' id='word_1_182' title='bbox 81 2085 252 2149; x_wconf 90' lang='lat' dir='ltr'><strong>humiliter</strong></span> <span class='ocrx_word' id='word_1_183' title='bbox 266 2086 450 2149; x_wconf 89' lang='lat' dir='ltr'><strong>subiturum</strong></span> <span class='ocrx_word' id='word_1_184' title='bbox 468 2087 632 2171; x_wconf 88' lang='lat' dir='ltr'><strong>promitto.</strong></span> <span class='ocrx_word' id='word_1_185' title='bbox 666 2085 760 2164; x_wconf 88' lang='lat' dir='ltr'><strong>ltem,</strong></span> <span class='ocrx_word' id='word_1_186' title='bbox 776 2086 865 2170; x_wconf 90' lang='lat' dir='ltr'><strong>quod</strong></span> <span class='ocrx_word' id='word_1_187' title='bbox 881 2107 945 2149; x_wconf 90' lang='lat' dir='ltr'><strong>non</strong></span> <span class='ocrx_word' id='word_1_188' title='bbox 970 2087 1153 2171; x_wconf 89' lang='lat' dir='ltr'><strong>impetrabo</strong></span> <span class='ocrx_word' id='word_1_189' title='bbox 1167 2086 1234 2150; x_wconf 91' lang='lat' dir='ltr'><strong>dis·</strong></span> 
     </span>
     <span class='ocr_line' id='line_1_23' title="bbox 79 2171 1234 2256; baseline 0.004 -22"><span class='ocrx_word' id='word_1_190' title='bbox 79 2172 309 2256; x_wconf 82' lang='lat' dir='ltr'><strong>pausationem</strong></span> <span class='ocrx_word' id='word_1_191' title='bbox 319 2171 461 2254; x_wconf 90' lang='lat' dir='ltr'><strong>aliquam</strong></span> <span class='ocrx_word' id='word_1_192' title='bbox 476 2179 587 2235; x_wconf 90' lang='lat' dir='ltr'><strong>contra</strong></span> <span class='ocrx_word' id='word_1_193' title='bbox 597 2177 786 2256; x_wconf 78' lang='lat' dir='ltr'><strong>juramenta</strong></span> <span class='ocrx_word' id='word_1_194' title='bbox 795 2194 868 2235; x_wconf 90' lang='lat' dir='ltr'><strong>mea</strong></span> <span class='ocrx_word' id='word_1_195' title='bbox 876 2171 1042 2256; x_wconf 76' lang='lat' dir='ltr'><strong>praedicta,</strong></span> <span class='ocrx_word' id='word_1_196' title='bbox 1054 2173 1108 2235; x_wconf 88' lang='lat' dir='ltr'><strong>vel</strong></span> <span class='ocrx_word' id='word_1_197' title='bbox 1120 2181 1234 2239; x_wconf 90' lang='lat' dir='ltr'><strong>contra</strong></span> 
     </span>
     <span class='ocr_line' id='line_1_24' title="bbox 79 2257 1233 2343; baseline 0.002 -22"><span class='ocrx_word' id='word_1_198' title='bbox 79 2257 312 2322; x_wconf 87' lang='lat' dir='ltr'><strong>ordinationes</strong></span> <span class='ocrx_word' id='word_1_199' title='bbox 327 2266 361 2321; x_wconf 90' lang='lat' dir='ltr'><strong>et</strong></span> <span class='ocrx_word' id='word_1_200' title='bbox 375 2266 502 2322; x_wconf 89' lang='lat' dir='ltr'><strong>statuta</strong></span> <span class='ocrx_word' id='word_1_201' title='bbox 515 2257 556 2322; x_wconf 92' lang='lat' dir='ltr'><strong>de</strong></span> <span class='ocrx_word' id='word_1_202' title='bbox 571 2258 690 2341; x_wconf 90' lang='lat' dir='ltr'><strong>quibus</strong></span> <span class='ocrx_word' id='word_1_203' title='bbox 710 2257 924 2343; x_wconf 70' lang='lat' dir='ltr'><strong>premittitur</strong></span> <span class='ocrx_word' id='word_1_204' title='bbox 943 2267 1001 2321; x_wconf 90' lang='lat' dir='ltr'><strong>aut</strong></span> <span class='ocrx_word' id='word_1_205' title='bbox 1016 2259 1160 2342; x_wconf 89' lang='lat' dir='ltr'><strong>ipsorum</strong></span> <span class='ocrx_word' id='word_1_206' title='bbox 1175 2259 1233 2324; x_wconf 90' lang='lat' dir='ltr'><strong>ali·</strong></span> 
     </span>
     <span class='ocr_line' id='line_1_25' title="bbox 79 2342 1232 2431; baseline 0.003 -23"><span class='ocrx_word' id='word_1_207' title='bbox 79 2343 180 2427; x_wconf 88' lang='lat' dir='ltr'><strong>quod,</strong></span> <span class='ocrx_word' id='word_1_208' title='bbox 207 2368 265 2409; x_wconf 91' lang='lat' dir='ltr'><strong>nec</strong></span> <span class='ocrx_word' id='word_1_209' title='bbox 281 2342 558 2431; x_wconf 88' lang='lat' dir='ltr'><strong>dispensationem</strong></span> <span class='ocrx_word' id='word_1_210' title='bbox 575 2344 762 2430; x_wconf 89' lang='lat' dir='ltr'><strong>hujusmodi</strong></span> <span class='ocrx_word' id='word_1_211' title='bbox 776 2367 835 2430; x_wconf 87' lang='lat' dir='ltr'><strong>per</strong></span> <span class='ocrx_word' id='word_1_212' title='bbox 849 2367 911 2423; x_wconf 89' lang='lat' dir='ltr'><strong>me,</strong></span> <span class='ocrx_word' id='word_1_213' title='bbox 933 2345 1036 2409; x_wconf 90' lang='lat' dir='ltr'><strong>alium</strong></span> <span class='ocrx_word' id='word_1_214' title='bbox 1061 2345 1112 2410; x_wconf 81' lang='lat' dir='ltr'><strong>vel</strong></span> <span class='ocrx_word' id='word_1_215' title='bbox 1139 2345 1232 2419; x_wconf 89' lang='lat' dir='ltr'><strong>alios,</strong></span> 
     </span>
     <span class='ocr_line' id='line_1_26' title="bbox 79 2430 1234 2517; baseline 0.003 -23"><span class='ocrx_word' id='word_1_216' title='bbox 79 2433 253 2517; x_wconf 89' lang='lat' dir='ltr'><strong>impetrari</strong></span> <span class='ocrx_word' id='word_1_217' title='bbox 273 2442 330 2495; x_wconf 91' lang='lat' dir='ltr'><strong>aut</strong></span> <span class='ocrx_word' id='word_1_218' title='bbox 345 2432 484 2495; x_wconf 91' lang='lat' dir='ltr'><strong>obtineri</strong></span> <span class='ocrx_word' id='word_1_219' title='bbox 499 2432 691 2517; x_wconf 86' lang='lat' dir='ltr'><strong>procurabo,</strong></span> <span class='ocrx_word' id='word_1_220' title='bbox 712 2430 834 2495; x_wconf 90' lang='lat' dir='ltr'><strong>directe</strong></span> <span class='ocrx_word' id='word_1_221' title='bbox 849 2431 900 2494; x_wconf 87' lang='lat' dir='ltr'><strong>vel</strong></span> <span class='ocrx_word' id='word_1_222' title='bbox 923 2430 1088 2498; x_wconf 89' lang='lat' dir='ltr'><strong>indirecte.</strong></span> <span class='ocrx_word' id='word_1_223' title='bbox 1132 2432 1181 2497; x_wconf 84' lang='lat' dir='ltr'><strong>Et</strong></span> <span class='ocrx_word' id='word_1_224' title='bbox 1205 2435 1234 2498; x_wconf 90' lang='lat' dir='ltr'><strong>si</strong></span> 
     </span>
     <span class='ocr_line' id='line_1_27' title="bbox 80 2516 1233 2604; baseline 0.002 -23"><span class='ocrx_word' id='word_1_225' title='bbox 80 2518 192 2582; x_wconf 83' lang='lat' dir='ltr'><strong>forsan</strong></span> <span class='ocrx_word' id='word_1_226' title='bbox 213 2519 355 2604; x_wconf 89' lang='lat' dir='ltr'><strong>aliquam</strong></span> <span class='ocrx_word' id='word_1_227' title='bbox 369 2516 646 2603; x_wconf 88' lang='lat' dir='ltr'><strong>dispensationem</strong></span> <span class='ocrx_word' id='word_1_228' title='bbox 669 2517 856 2603; x_wconf 91' lang='lat' dir='ltr'><strong>hujusmodi</strong></span> <span class='ocrx_word' id='word_1_229' title='bbox 872 2518 1040 2603; x_wconf 90' lang='lat' dir='ltr'><strong>impetrari</strong></span> <span class='ocrx_word' id='word_1_230' title='bbox 1056 2518 1110 2582; x_wconf 89' lang='lat' dir='ltr'><strong>vel</strong></span> <span class='ocrx_word' id='word_1_231' title='bbox 1129 2521 1233 2603; x_wconf 86' lang='lat' dir='ltr'><strong>gratis</strong></span> 
     </span>
     <span class='ocr_line' id='line_1_28' title="bbox 80 2604 1233 2689; baseline 0.001 -22"><span class='ocrx_word' id='word_1_232' title='bbox 80 2606 223 2669; x_wconf 88' lang='lat' dir='ltr'><strong>conferri</strong></span> <span class='ocrx_word' id='word_1_233' title='bbox 238 2612 295 2669; x_wconf 90' lang='lat' dir='ltr'><strong>aut</strong></span> <span class='ocrx_word' id='word_1_234' title='bbox 313 2604 446 2668; x_wconf 89' lang='lat' dir='ltr'><strong>concedi</strong></span> <span class='ocrx_word' id='word_1_235' title='bbox 461 2604 645 2689; x_wconf 88' lang='lat' dir='ltr'><strong>contigerit,</strong></span> <span class='ocrx_word' id='word_1_236' title='bbox 667 2606 892 2689; x_wconf 88' lang='lat' dir='ltr'><strong>cujuscunque</strong></span> <span class='ocrx_word' id='word_1_237' title='bbox 905 2604 1005 2669; x_wconf 90' lang='lat' dir='ltr'><strong>fuerit</strong></span> <span class='ocrx_word' id='word_1_238' title='bbox 1021 2608 1233 2681; x_wconf 85' lang='lat' dir='ltr'><strong>auctoritatis,</strong></span> 
     </span>
     <span class='ocr_line' id='line_1_29' title="bbox 81 2690 1232 2778; baseline -0.001 -23"><span class='ocrx_word' id='word_1_239' title='bbox 81 2712 142 2755; x_wconf 87' lang='lat' dir='ltr'><strong>seu</strong></span> <span class='ocrx_word' id='word_1_240' title='bbox 159 2691 358 2777; x_wconf 87' lang='lat' dir='ltr'><strong>generaliter</strong></span> <span class='ocrx_word' id='word_1_241' title='bbox 373 2713 430 2754; x_wconf 89' lang='lat' dir='ltr'><strong>seu</strong></span> <span class='ocrx_word' id='word_1_242' title='bbox 446 2690 640 2778; x_wconf 87' lang='lat' dir='ltr'><strong>specialiter,</strong></span> <span class='ocrx_word' id='word_1_243' title='bbox 655 2696 713 2754; x_wconf 89' lang='lat' dir='ltr'><strong>aut</strong></span> <span class='ocrx_word' id='word_1_244' title='bbox 738 2690 818 2771; x_wconf 84' lang='lat' dir='ltr'><strong>alias</strong></span> <span class='ocrx_word' id='word_1_245' title='bbox 838 2690 900 2753; x_wconf 90' lang='lat' dir='ltr'><strong>sub</strong></span> <span class='ocrx_word' id='word_1_246' title='bbox 920 2712 1116 2778; x_wconf 89' lang='lat' dir='ltr'><strong>quacunque</strong></span> <span class='ocrx_word' id='word_1_247' title='bbox 1129 2691 1232 2755; x_wconf 83' lang='lat' dir='ltr'><strong>forma</strong></span> 
     </span>
     <span class='ocr_line' id='line_1_30' title="bbox 82 2774 1234 2863; baseline 0 -22"><span class='ocrx_word' id='word_1_248' title='bbox 82 2778 258 2841; x_wconf 85' lang='lat' dir='ltr'><strong>verborum</strong></span> <span class='ocrx_word' id='word_1_249' title='bbox 272 2798 435 2851; x_wconf 89' lang='lat' dir='ltr'><strong>concessa,</strong></span> <span class='ocrx_word' id='word_1_250' title='bbox 458 2800 498 2841; x_wconf 90' lang='lat' dir='ltr'><strong>ea</strong></span> <span class='ocrx_word' id='word_1_251' title='bbox 513 2798 577 2839; x_wconf 90' lang='lat' dir='ltr'><strong>non</strong></span> <span class='ocrx_word' id='word_1_252' title='bbox 594 2783 670 2839; x_wconf 93' lang='lat' dir='ltr'><strong>utar</strong></span> <span class='ocrx_word' id='word_1_253' title='bbox 685 2797 743 2839; x_wconf 91' lang='lat' dir='ltr'><strong>nec</strong></span> <span class='ocrx_word' id='word_1_254' title='bbox 758 2774 866 2840; x_wconf 90' lang='lat' dir='ltr'><strong>eidem</strong></span> <span class='ocrx_word' id='word_1_255' title='bbox 883 2778 1087 2841; x_wconf 87' lang='lat' dir='ltr'><strong>consentiam</strong></span> <span class='ocrx_word' id='word_1_256' title='bbox 1101 2780 1234 2863; x_wconf 88' lang='lat' dir='ltr'><strong>quovis·</strong></span> 
     </span>
     <span class='ocr_line' id='line_1_31' title="bbox 81 2862 1234 2949; baseline 0.001 -23"><span class='ocrx_word' id='word_1_257' title='bbox 81 2863 191 2927; x_wconf 88' lang='lat' dir='ltr'><strong>modo.</strong></span> <span class='ocrx_word' id='word_1_258' title='bbox 210 2866 301 2927; x_wconf 86' lang='lat' dir='ltr'><strong>Sicut</strong></span> <span class='ocrx_word' id='word_1_259' title='bbox 309 2865 400 2927; x_wconf 88' lang='lat' dir='ltr'><strong>Deus</strong></span> <span class='ocrx_word' id='word_1_260' title='bbox 409 2886 461 2929; x_wconf 96' lang='lat' dir='ltr'><strong>me</strong></span> <span class='ocrx_word' id='word_1_261' title='bbox 471 2864 604 2949; x_wconf 88' lang='lat' dir='ltr'><strong>adjuvet</strong></span> <span class='ocrx_word' id='word_1_262' title='bbox 613 2862 727 2926; x_wconf 83' lang='lat' dir='ltr'><strong>ethaeo</strong></span> <span class='ocrx_word' id='word_1_263' title='bbox 736 2872 850 2926; x_wconf 87' lang='lat' dir='ltr'><strong>sancta</strong></span> <span class='ocrx_word' id='word_1_264' title='bbox 861 2863 1145 2949; x_wconf 84' lang='lat' dir='ltr'><strong>DeiEvaugelia.&#39;&#39;</strong></span> <span class='ocrx_word' id='word_1_265' title='bbox 1161 2866 1234 2937; x_wconf 89' lang='lat' dir='ltr'><strong>Quo</strong></span> 
     </span>
     <span class='ocr_line' id='line_1_32' title="bbox 83 2947 1305 3035; baseline -0.001 -23"><span class='ocrx_word' id='word_1_266' title='bbox 83 2950 433 3035; x_wconf 86' lang='lat' dir='ltr'><strong>‘urameutopraestito,</strong></span> <span class='ocrx_word' id='word_1_267' title='bbox 444 2953 555 3013; x_wconf 90' lang='lat' dir='ltr'><strong>statim</strong></span> <span class='ocrx_word' id='word_1_268' title='bbox 566 2970 626 3034; x_wconf 92' lang='lat' dir='ltr'><strong>per</strong></span> <span class='ocrx_word' id='word_1_269' title='bbox 638 2947 881 3018; x_wconf 86' lang='lat' dir='ltr'><strong>Praesidentem,</strong></span> <span class='ocrx_word' id='word_1_270' title='bbox 895 2948 956 3019; x_wconf 86' lang='lat' dir='ltr'><strong>vel,</strong></span> <span class='ocrx_word' id='word_1_271' title='bbox 965 2972 1005 3013; x_wconf 89' lang='lat' dir='ltr'><strong>eo</strong></span> <span class='ocrx_word' id='word_1_272' title='bbox 1016 2950 1164 3020; x_wconf 88' lang='lat' dir='ltr'><strong>absente,</strong></span> <span class='ocrx_word' id='word_1_273' title='bbox 1173 2971 1235 3034; x_wconf 88' lang='lat' dir='ltr'><strong>per</strong></span> <span class='ocrx_word' id='word_1_274' title='bbox 1304 2963 1305 2966; x_wconf 75' lang='grc'>’</span> 
     </span>
     <span class='ocr_line' id='line_1_33' title="bbox 75 2972 1234 3122; baseline -0.002 -23"><span class='ocrx_word' id='word_1_275' title='bbox 75 2972 406 3122; x_wconf 66' lang='lat' dir='ltr'><strong>llicepraesidentem,</strong></span> <span class='ocrx_word' id='word_1_276' title='bbox 422 3038 456 3099; x_wconf 92' lang='lat' dir='ltr'><strong>in</strong></span> <span class='ocrx_word' id='word_1_277' title='bbox 472 3035 649 3099; x_wconf 88' lang='lat' dir='ltr'><strong>scholarem</strong></span> <span class='ocrx_word' id='word_1_278' title='bbox 673 3035 808 3099; x_wconf 89' lang='lat' dir='ltr'><strong>biennio</strong></span> <span class='ocrx_word' id='word_1_279' title='bbox 822 3034 1029 3119; x_wconf 91' lang='lat' dir='ltr'><strong>probandum</strong></span> <span class='ocrx_word' id='word_1_280' title='bbox 1045 3035 1081 3099; x_wconf 92' lang='lat' dir='ltr'><strong>in</strong></span> <span class='ocrx_word' id='word_1_281' title='bbox 1094 3036 1234 3119; x_wconf 89' lang='lat' dir='ltr'><strong>praedic-</strong></span> 
     </span>
    </p>
   </div>
   <div class='ocr_carea' id='block_1_3' title="bbox 81 3119 1394 3246">
    <p class='ocr_par' dir='ltr' id='par_1_3' title="bbox 81 3119 1394 3246">
     <span class='ocr_line' id='line_1_34' title="bbox 81 3119 1394 3246; baseline 0.002 -61"><span class='ocrx_word' id='word_1_282' title='bbox 81 3131 191 3186; x_wconf 92' lang='lat' dir='ltr'><strong>torum</strong></span> <span class='ocrx_word' id='word_1_283' title='bbox 207 3124 383 3208; x_wconf 80' lang='lat' dir='ltr'><strong>praesentia</strong></span> <span class='ocrx_word' id='word_1_284' title='bbox 398 3122 602 3187; x_wconf 88' lang='lat' dir='ltr'><strong>admittatur.</strong></span> <span class='ocrx_word' id='word_1_285' title='bbox 650 3120 785 3184; x_wconf 88' lang='lat' dir='ltr'><strong>Proviso</strong></span> <span class='ocrx_word' id='word_1_286' title='bbox 798 3129 847 3199; x_wconf 85' lang='lat' dir='ltr'><strong>ut,</strong></span> <span class='ocrx_word' id='word_1_287' title='bbox 856 3142 931 3184; x_wconf 92' lang='lat' dir='ltr'><strong>cum</strong></span> <span class='ocrx_word' id='word_1_288' title='bbox 945 3122 1057 3206; x_wconf 90' lang='lat' dir='ltr'><strong>plures</strong></span> <span class='ocrx_word' id='word_1_289' title='bbox 1073 3122 1108 3183; x_wconf 88' lang='lat' dir='ltr'><strong>in</strong></span> <span class='ocrx_word' id='word_1_290' title='bbox 1117 3119 1233 3183; x_wconf 91' lang='lat' dir='ltr'><strong>eodem</strong></span> <span class='ocrx_word' id='word_1_291' title='bbox 1246 3140 1394 3246; x_wconf 52' lang='lat' dir='ltr'><strong>mor</strong></span> 
     </span>
    </p>
   </div>
   <div class='ocr_carea' id='block_1_4' title="bbox 76 3205 1469 4590">
    <p class='ocr_par' dir='ltr' id='par_1_4' title="bbox 80 3205 1388 3467">
     <span class='ocr_line' id='line_1_35' title="bbox 81 3205 1388 3355; baseline -0.003 -83"><span class='ocrx_word' id='word_1_292' title='bbox 81 3230 169 3273; x_wconf 90' lang='lat' dir='ltr'><strong>anno</strong></span> <span class='ocrx_word' id='word_1_293' title='bbox 184 3211 233 3272; x_wconf 90' lang='lat' dir='ltr'><strong>ita</strong></span> <span class='ocrx_word' id='word_1_294' title='bbox 258 3208 453 3272; x_wconf 88' lang='lat' dir='ltr'><strong>admittendi</strong></span> <span class='ocrx_word' id='word_1_295' title='bbox 466 3209 602 3280; x_wconf 88' lang='lat' dir='ltr'><strong>fuerint,</strong></span> <span class='ocrx_word' id='word_1_296' title='bbox 625 3206 681 3270; x_wconf 91' lang='lat' dir='ltr'><strong>ille</strong></span> <span class='ocrx_word' id='word_1_297' title='bbox 699 3206 791 3291; x_wconf 88' lang='lat' dir='ltr'><strong>prius</strong></span> <span class='ocrx_word' id='word_1_298' title='bbox 814 3208 943 3269; x_wconf 83' lang='lat' dir='ltr'><strong>caeteris</strong></span> <span class='ocrx_word' id='word_1_299' title='bbox 967 3205 1163 3270; x_wconf 86' lang='lat' dir='ltr'><strong>admittatur</strong></span> <span class='ocrx_word' id='word_1_300' title='bbox 1177 3208 1236 3355; x_wconf 69' lang='lat' dir='ltr'><strong>qui</strong></span> <span class='ocrx_word' id='word_1_301' title='bbox 1348 3212 1388 3245; x_wconf 78' lang='lat'>⁰¹¹·</span> 
     </span>
     <span class='ocr_line' id='line_1_36' title="bbox 80 3292 1266 3381; baseline -0.003 -22"><span class='ocrx_word' id='word_1_302' title='bbox 80 3296 174 3381; x_wconf 88' lang='lat' dir='ltr'><strong>prius</strong></span> <span class='ocrx_word' id='word_1_303' title='bbox 189 3295 290 3359; x_wconf 84' lang='lat' dir='ltr'><strong>fuerit</strong></span> <span class='ocrx_word' id='word_1_304' title='bbox 301 3295 432 3359; x_wconf 90' lang='lat' dir='ltr'><strong>electus.</strong></span> <span class='ocrx_word' id='word_1_305' title='bbox 474 3297 526 3359; x_wconf 92' lang='lat' dir='ltr'><strong>De</strong></span> <span class='ocrx_word' id='word_1_306' title='bbox 541 3314 607 3378; x_wconf 91' lang='lat' dir='ltr'><strong>quo</strong></span> <span class='ocrx_word' id='word_1_307' title='bbox 621 3292 754 3379; x_wconf 91' lang='lat' dir='ltr'><strong>quidem</strong></span> <span class='ocrx_word' id='word_1_308' title='bbox 766 3295 962 3375; x_wconf 87' lang='lat' dir='ltr'><strong>juramento,</strong></span> <span class='ocrx_word' id='word_1_309' title='bbox 978 3293 1116 3377; x_wconf 90' lang='lat' dir='ltr'><strong>locoque</strong></span> <span class='ocrx_word' id='word_1_310' title='bbox 1131 3305 1165 3354; x_wconf 89' lang='lat' dir='ltr'><strong>et</strong></span> <span class='ocrx_word' id='word_1_311' title='bbox 1203 3294 1234 3356; x_wconf 93' lang='lat' dir='ltr'><strong>ie</strong></span> <span class='ocrx_word' id='word_1_312' title='bbox 1264 3311 1266 3313; x_wconf 81' lang='grc'><strong><em>·</em></strong></span> 
     </span>
     <span class='ocr_line' id='line_1_37' title="bbox 80 3377 1236 3467; baseline -0.003 -22"><span class='ocrx_word' id='word_1_313' title='bbox 80 3382 303 3467; x_wconf 88' lang='lat' dir='ltr'><strong>praestationis</strong></span> <span class='ocrx_word' id='word_1_314' title='bbox 318 3380 465 3463; x_wconf 84' lang='lat' dir='ltr'><strong>ejusdem</strong></span> <span class='ocrx_word' id='word_1_315' title='bbox 481 3380 670 3467; x_wconf 88' lang='lat' dir='ltr'><strong>juramenti,</strong></span> <span class='ocrx_word' id='word_1_316' title='bbox 686 3386 719 3441; x_wconf 91' lang='lat' dir='ltr'><strong>et</strong></span> <span class='ocrx_word' id='word_1_317' title='bbox 735 3399 822 3441; x_wconf 89' lang='lat' dir='ltr'><strong>auno</strong></span> <span class='ocrx_word' id='word_1_318' title='bbox 844 3377 1079 3440; x_wconf 89' lang='lat' dir='ltr'><strong>incarnationis</strong></span> <span class='ocrx_word' id='word_1_319' title='bbox 1098 3379 1236 3442; x_wconf 90' lang='lat' dir='ltr'><strong>Domini</strong></span> 
     </span>
    </p>

    <p class='ocr_par' dir='ltr' id='par_1_5' title="bbox 80 3463 1234 3549">
     <span class='ocr_line' id='line_1_38' title="bbox 80 3463 1234 3549; baseline -0.002 -18"><span class='ocrx_word' id='word_1_320' title='bbox 80 3467 185 3531; x_wconf 88' lang='lat' dir='ltr'><strong>nostri</strong></span> <span class='ocrx_word' id='word_1_321' title='bbox 202 3466 226 3531; x_wconf 85' lang='lat' dir='ltr'><strong>J</strong></span> <span class='ocrx_word' id='word_1_322' title='bbox 228 3489 288 3531; x_wconf 89' lang='lat' dir='ltr'><strong>esu</strong></span> <span class='ocrx_word' id='word_1_323' title='bbox 302 3466 435 3537; x_wconf 82' lang='lat' dir='ltr'><strong>Christi,</strong></span> <span class='ocrx_word' id='word_1_324' title='bbox 461 3486 616 3530; x_wconf 91' lang='lat' dir='ltr'><strong>unacum</strong></span> <span class='ocrx_word' id='word_1_325' title='bbox 638 3463 828 3527; x_wconf 91' lang='lat' dir='ltr'><strong>nominibus</strong></span> <span class='ocrx_word' id='word_1_326' title='bbox 846 3472 881 3527; x_wconf 91' lang='lat' dir='ltr'><strong>et</strong></span> <span class='ocrx_word' id='word_1_327' title='bbox 901 3464 1149 3549; x_wconf 87' lang='lat' dir='ltr'><strong>cognominibus</strong></span> <span class='ocrx_word' id='word_1_328' title='bbox 1166 3472 1234 3530; x_wconf 89' lang='lat' dir='ltr'><strong>tam</strong></span> 
     </span>
    </p>

    <p class='ocr_par' dir='ltr' id='par_1_6' title="bbox 76 3551 1234 3640">
     <span class='ocr_line' id='line_1_39' title="bbox 76 3551 1234 3640; baseline -0.003 -23"><span class='ocrx_word' id='word_1_329' title='bbox 76 3555 262 3639; x_wconf 89' lang='lat' dir='ltr'><strong>jurantium</strong></span> <span class='ocrx_word' id='word_1_330' title='bbox 279 3576 379 3640; x_wconf 94' lang='lat' dir='ltr'><strong>quam</strong></span> <span class='ocrx_word' id='word_1_331' title='bbox 405 3574 517 3616; x_wconf 90' lang='lat' dir='ltr'><strong>eorum</strong></span> <span class='ocrx_word' id='word_1_332' title='bbox 539 3552 595 3637; x_wconf 91' lang='lat' dir='ltr'><strong>qui</strong></span> <span class='ocrx_word' id='word_1_333' title='bbox 616 3551 791 3628; x_wconf 88' lang='lat' dir='ltr'><strong>intersunt,</strong></span> <span class='ocrx_word' id='word_1_334' title='bbox 813 3572 850 3613; x_wconf 92' lang='lat' dir='ltr'><strong>ac</strong></span> <span class='ocrx_word' id='word_1_335' title='bbox 873 3551 971 3614; x_wconf 90' lang='lat' dir='ltr'><strong>etiam</strong></span> <span class='ocrx_word' id='word_1_336' title='bbox 999 3559 1098 3615; x_wconf 84' lang='lat' dir='ltr'><strong>aetate</strong></span> <span class='ocrx_word' id='word_1_337' title='bbox 1121 3552 1234 3615; x_wconf 89' lang='lat' dir='ltr'><strong>unius·</strong></span> 
     </span>
    </p>

    <p class='ocr_par' dir='ltr' id='par_1_7' title="bbox 80 3636 1237 3727">
     <span class='ocr_line' id='line_1_40' title="bbox 80 3636 1237 3727; baseline -0.002 -23"><span class='ocrx_word' id='word_1_338' title='bbox 80 3642 243 3727; x_wconf 89' lang='lat' dir='ltr'><strong>cujusque</strong></span> <span class='ocrx_word' id='word_1_339' title='bbox 260 3640 405 3725; x_wconf 88' lang='lat' dir='ltr'><strong>jurantis</strong></span> <span class='ocrx_word' id='word_1_340' title='bbox 419 3646 477 3726; x_wconf 85' lang='lat' dir='ltr'><strong>per</strong></span> <span class='ocrx_word' id='word_1_341' title='bbox 492 3661 567 3703; x_wconf 91' lang='lat' dir='ltr'><strong>eum</strong></span> <span class='ocrx_word' id='word_1_342' title='bbox 591 3640 625 3700; x_wconf 90' lang='lat' dir='ltr'><strong>in</strong></span> <span class='ocrx_word' id='word_1_343' title='bbox 640 3636 701 3701; x_wconf 90' lang='lat' dir='ltr'><strong>hoc</strong></span> <span class='ocrx_word' id='word_1_344' title='bbox 725 3638 798 3723; x_wconf 88' lang='lat' dir='ltr'><strong>ejus</strong></span> <span class='ocrx_word' id='word_1_345' title='bbox 810 3640 998 3722; x_wconf 89' lang='lat' dir='ltr'><strong>juramento</strong></span> <span class='ocrx_word' id='word_1_346' title='bbox 1022 3647 1156 3711; x_wconf 89' lang='lat' dir='ltr'><strong>asserta,</strong></span> <span class='ocrx_word' id='word_1_347' title='bbox 1170 3658 1237 3724; x_wconf 91' lang='lat' dir='ltr'><strong>quo</strong></span> 
     </span>
    </p>

    <p class='ocr_par' dir='ltr' id='par_1_8' title="bbox 78 3722 1235 3813">
     <span class='ocr_line' id='line_1_41' title="bbox 78 3722 1235 3813; baseline -0.003 -22"><span class='ocrx_word' id='word_1_348' title='bbox 78 3734 244 3813; x_wconf 88' lang='lat' dir='ltr'><strong>praeterea</strong></span> <span class='ocrx_word' id='word_1_349' title='bbox 258 3729 417 3791; x_wconf 89' lang='lat' dir='ltr'><strong>comitatu</strong></span> <span class='ocrx_word' id='word_1_350' title='bbox 432 3748 469 3789; x_wconf 90' lang='lat' dir='ltr'><strong>ao</strong></span> <span class='ocrx_word' id='word_1_351' title='bbox 482 3725 615 3789; x_wconf 91' lang='lat' dir='ltr'><strong>dioecesi</strong></span> <span class='ocrx_word' id='word_1_352' title='bbox 640 3724 763 3787; x_wconf 87' lang='lat' dir='ltr'><strong>electus</strong></span> <span class='ocrx_word' id='word_1_353' title='bbox 782 3722 890 3803; x_wconf 85' lang='lat' dir='ltr'><strong>fuerit,</strong></span> <span class='ocrx_word' id='word_1_354' title='bbox 919 3724 1090 3809; x_wconf 90' lang='lat' dir='ltr'><strong>publicum</strong></span> <span class='ocrx_word' id='word_1_355' title='bbox 1110 3725 1235 3788; x_wconf 89' lang='lat' dir='ltr'><strong>instru-</strong></span> 
     </span>
    </p>

    <p class='ocr_par' dir='ltr' id='par_1_9' title="bbox 79 3809 1235 3896">
     <span class='ocr_line' id='line_1_42' title="bbox 79 3809 1235 3896; baseline -0.004 -16"><span class='ocrx_word' id='word_1_356' title='bbox 79 3821 229 3881; x_wconf 90' lang='lat' dir='ltr'><strong>mentum</strong></span> <span class='ocrx_word' id='word_1_357' title='bbox 257 3814 329 3877; x_wconf 89' lang='lat' dir='ltr'><strong>fieri</strong></span> <span class='ocrx_word' id='word_1_358' title='bbox 355 3814 506 3878; x_wconf 89' lang='lat' dir='ltr'><strong>volumus</strong></span> <span class='ocrx_word' id='word_1_359' title='bbox 534 3833 595 3896; x_wconf 91' lang='lat' dir='ltr'><strong>per</strong></span> <span class='ocrx_word' id='word_1_360' title='bbox 621 3809 765 3895; x_wconf 87' lang='lat' dir='ltr'><strong>aliquem</strong></span> <span class='ocrx_word' id='word_1_361' title='bbox 792 3809 965 3873; x_wconf 89' lang='lat' dir='ltr'><strong>Notarium</strong></span> <span class='ocrx_word' id='word_1_362' title='bbox 997 3812 1174 3893; x_wconf 91' lang='lat' dir='ltr'><strong>publicum,</strong></span> <span class='ocrx_word' id='word_1_363' title='bbox 1201 3812 1235 3875; x_wconf 91' lang='lat' dir='ltr'><strong>in</strong></span> 
     </span>
    </p>

    <p class='ocr_par' dir='ltr' id='par_1_10' title="bbox 80 3894 1388 4246">
     <span class='ocr_line' id='line_1_43' title="bbox 80 3894 1234 3985; baseline -0.004 -20"><span class='ocrx_word' id='word_1_364' title='bbox 80 3900 223 3985; x_wconf 86' lang='lat' dir='ltr'><strong>registro</strong></span> <span class='ocrx_word' id='word_1_365' title='bbox 238 3899 340 3982; x_wconf 85' lang='lat' dir='ltr'><strong>nostri</strong></span> <span class='ocrx_word' id='word_1_366' title='bbox 355 3899 507 3983; x_wconf 84' lang='lat' dir='ltr'><strong>Collegii,</strong></span> <span class='ocrx_word' id='word_1_367' title='bbox 523 3897 565 3961; x_wconf 91' lang='lat' dir='ltr'><strong>ad</strong></span> <span class='ocrx_word' id='word_1_368' title='bbox 582 3896 641 3960; x_wconf 89' lang='lat' dir='ltr'><strong>hoo</strong></span> <span class='ocrx_word' id='word_1_369' title='bbox 653 3905 687 3959; x_wconf 90' lang='lat' dir='ltr'><strong>et</strong></span> <span class='ocrx_word' id='word_1_370' title='bbox 701 3894 892 3981; x_wconf 85' lang='lat' dir='ltr'><strong>hujusmodi</strong></span> <span class='ocrx_word' id='word_1_371' title='bbox 900 3896 1059 3967; x_wconf 89' lang='lat' dir='ltr'><strong>faciendo,</strong></span> <span class='ocrx_word' id='word_1_372' title='bbox 1073 3904 1234 3982; x_wconf 91' lang='lat' dir='ltr'><strong>perpetuo</strong></span> 
     </span>
     <span class='ocr_line' id='line_1_44' title="bbox 81 3981 1388 4095; baseline -0.005 -45"><span class='ocrx_word' id='word_1_373' title='bbox 81 3986 351 4051; x_wconf 89' lang='lat' dir='ltr'><strong>conservandum.</strong></span> <span class='ocrx_word' id='word_1_374' title='bbox 398 3984 495 4063; x_wconf 84' lang='lat' dir='ltr'><strong>Quod</strong></span> <span class='ocrx_word' id='word_1_375' title='bbox 517 3989 740 4071; x_wconf 90' lang='lat' dir='ltr'><strong>juramentum</strong></span> <span class='ocrx_word' id='word_1_376' title='bbox 761 3982 789 4044; x_wconf 90' lang='lat' dir='ltr'><strong>si</strong></span> <span class='ocrx_word' id='word_1_377' title='bbox 813 3982 901 4045; x_wconf 89' lang='lat' dir='ltr'><strong>intra</strong></span> <span class='ocrx_word' id='word_1_378' title='bbox 923 3990 1054 4065; x_wconf 87' lang='lat' dir='ltr'><strong>tempus</strong></span> <span class='ocrx_word' id='word_1_379' title='bbox 1080 3988 1153 4067; x_wconf 88' lang='lat' dir='ltr'><strong>ejus</strong></span> <span class='ocrx_word' id='word_1_380' title='bbox 1176 3981 1388 4095; x_wconf 50' lang='lat' dir='ltr'><strong>⁸⁶·,Yfml0f</strong></span> 
     </span>
     <span class='ocr_line' id='line_1_45' title="bbox 82 4062 1362 4157; baseline -0.005 -21"><span class='ocrx_word' id='word_1_381' title='bbox 82 4073 245 4137; x_wconf 82' lang='lat' dir='ltr'><strong>missionis</strong></span> <span class='ocrx_word' id='word_1_382' title='bbox 260 4094 361 4157; x_wconf 89' lang='lat' dir='ltr'><strong>supra</strong></span> <span class='ocrx_word' id='word_1_383' title='bbox 384 4072 560 4136; x_wconf 90' lang='lat' dir='ltr'><strong>limitatum</strong></span> <span class='ocrx_word' id='word_1_384' title='bbox 583 4079 743 4155; x_wconf 85' lang='lat' dir='ltr'><strong>praestare</strong></span> <span class='ocrx_word' id='word_1_385' title='bbox 767 4068 915 4151; x_wconf 87' lang='lat' dir='ltr'><strong>protinus</strong></span> <span class='ocrx_word' id='word_1_386' title='bbox 939 4070 1146 4136; x_wconf 89' lang='lat' dir='ltr'><strong>recusaverit,</strong></span> <span class='ocrx_word' id='word_1_387' title='bbox 1162 4068 1233 4153; x_wconf 91' lang='lat' dir='ltr'><strong>ipso</strong></span> <span class='ocrx_word' id='word_1_388' title='bbox 1273 4062 1327 4095; x_wconf 71' lang='lat'><strong>⁰⁰⁸</strong></span> <span class='ocrx_word' id='word_1_389' title='bbox 1356 4082 1362 4095; x_wconf 86' lang='grc'><strong>’</strong></span> 
     </span>
     <span class='ocr_line' id='line_1_46' title="bbox 81 4153 1233 4246; baseline -0.007 -23"><span class='ocrx_word' id='word_1_390' title='bbox 81 4159 177 4231; x_wconf 84' lang='lat' dir='ltr'><strong>facto,</strong></span> <span class='ocrx_word' id='word_1_391' title='bbox 194 4180 290 4223; x_wconf 92' lang='lat' dir='ltr'><strong>omne</strong></span> <span class='ocrx_word' id='word_1_392' title='bbox 302 4164 358 4244; x_wconf 86' lang='lat' dir='ltr'><strong>jus</strong></span> <span class='ocrx_word' id='word_1_393' title='bbox 373 4158 463 4246; x_wconf 92' lang='lat' dir='ltr'><strong>quod</strong></span> <span class='ocrx_word' id='word_1_394' title='bbox 477 4156 604 4220; x_wconf 91' lang='lat' dir='ltr'><strong>ratione</strong></span> <span class='ocrx_word' id='word_1_395' title='bbox 617 4178 685 4219; x_wconf 85' lang='lat' dir='ltr'><strong>suae</strong></span> <span class='ocrx_word' id='word_1_396' title='bbox 700 4153 892 4239; x_wconf 88' lang='lat' dir='ltr'><strong>hujusmodi</strong></span> <span class='ocrx_word' id='word_1_397' title='bbox 911 4153 1080 4217; x_wconf 88' lang='lat' dir='ltr'><strong>electionis</strong></span> <span class='ocrx_word' id='word_1_398' title='bbox 1095 4153 1137 4215; x_wconf 91' lang='lat' dir='ltr'><strong>ad</strong></span> <span class='ocrx_word' id='word_1_399' title='bbox 1155 4153 1233 4216; x_wconf 90' lang='lat' dir='ltr'><strong>Col-</strong></span> 
     </span>
    </p>

    <p class='ocr_par' dir='ltr' id='par_1_11' title="bbox 81 4239 1234 4331">
     <span class='ocr_line' id='line_1_47' title="bbox 81 4239 1234 4331; baseline -0.006 -22"><span class='ocrx_word' id='word_1_400' title='bbox 81 4246 205 4331; x_wconf 87' lang='lat' dir='ltr'><strong>legium</strong></span> <span class='ocrx_word' id='word_1_401' title='bbox 227 4244 345 4309; x_wconf 89' lang='lat' dir='ltr'><strong>habuit</strong></span> <span class='ocrx_word' id='word_1_402' title='bbox 372 4244 513 4315; x_wconf 90' lang='lat' dir='ltr'><strong>amittat,</strong></span> <span class='ocrx_word' id='word_1_403' title='bbox 528 4252 563 4306; x_wconf 90' lang='lat' dir='ltr'><strong>et</strong></span> <span class='ocrx_word' id='word_1_404' title='bbox 579 4242 622 4305; x_wconf 88' lang='lat' dir='ltr'><strong>ad</strong></span> <span class='ocrx_word' id='word_1_405' title='bbox 638 4262 754 4304; x_wconf 90' lang='lat' dir='ltr'><strong>novam</strong></span> <span class='ocrx_word' id='word_1_406' title='bbox 777 4261 838 4325; x_wconf 88' lang='lat' dir='ltr'><strong>pro</strong></span> <span class='ocrx_word' id='word_1_407' title='bbox 858 4240 929 4303; x_wconf 90' lang='lat' dir='ltr'><strong>loco</strong></span> <span class='ocrx_word' id='word_1_408' title='bbox 950 4239 1008 4302; x_wconf 91' lang='lat' dir='ltr'><strong>illo</strong></span> <span class='ocrx_word' id='word_1_409' title='bbox 1031 4239 1234 4315; x_wconf 91' lang='lat' dir='ltr'><strong>electionem,</strong></span> 
     </span>
    </p>

    <p class='ocr_par' dir='ltr' id='par_1_12' title="bbox 80 4326 1233 4415">
     <span class='ocr_line' id='line_1_48' title="bbox 80 4326 1233 4415; baseline -0.005 -19"><span class='ocrx_word' id='word_1_410' title='bbox 80 4333 168 4396; x_wconf 90' lang='lat' dir='ltr'><strong>intra</strong></span> <span class='ocrx_word' id='word_1_411' title='bbox 190 4331 329 4396; x_wconf 90' lang='lat' dir='ltr'><strong>biduum</strong></span> <span class='ocrx_word' id='word_1_412' title='bbox 353 4339 428 4415; x_wconf 91' lang='lat' dir='ltr'><strong>post</strong></span> <span class='ocrx_word' id='word_1_413' title='bbox 452 4330 685 4393; x_wconf 85' lang='lat' dir='ltr'><strong>recusationem</strong></span> <span class='ocrx_word' id='word_1_414' title='bbox 710 4326 896 4410; x_wconf 90' lang='lat' dir='ltr'><strong>hujusmodi</strong></span> <span class='ocrx_word' id='word_1_415' title='bbox 919 4326 1096 4409; x_wconf 88' lang='lat' dir='ltr'><strong>cognitam,</strong></span> <span class='ocrx_word' id='word_1_416' title='bbox 1122 4347 1233 4411; x_wconf 89' lang='lat' dir='ltr'><strong>proce-</strong></span> 
     </span>
    </p>

    <p class='ocr_par' dir='ltr' id='par_1_13' title="bbox 81 4410 1232 4498">
     <span class='ocr_line' id='line_1_49' title="bbox 81 4410 1232 4498; baseline -0.006 -16"><span class='ocrx_word' id='word_1_417' title='bbox 81 4419 198 4495; x_wconf 84' lang='lat' dir='ltr'><strong>datur3</strong></span> <span class='ocrx_word' id='word_1_418' title='bbox 225 4418 358 4481; x_wconf 90' lang='lat' dir='ltr'><strong>statutis</strong></span> <span class='ocrx_word' id='word_1_419' title='bbox 380 4416 422 4479; x_wconf 87' lang='lat' dir='ltr'><strong>de</strong></span> <span class='ocrx_word' id='word_1_420' title='bbox 448 4425 593 4498; x_wconf 89' lang='lat' dir='ltr'><strong>tempore</strong></span> <span class='ocrx_word' id='word_1_421' title='bbox 613 4412 780 4475; x_wconf 87' lang='lat' dir='ltr'><strong>electionis</strong></span> <span class='ocrx_word' id='word_1_422' title='bbox 805 4418 839 4473; x_wconf 87' lang='lat' dir='ltr'><strong>et</strong></span> <span class='ocrx_word' id='word_1_423' title='bbox 864 4410 1060 4474; x_wconf 85' lang='lat' dir='ltr'><strong>admissione</strong></span> <span class='ocrx_word' id='word_1_424' title='bbox 1082 4412 1115 4473; x_wconf 93' lang='lat' dir='ltr'><strong>in</strong></span> <span class='ocrx_word' id='word_1_425' title='bbox 1140 4434 1232 4475; x_wconf 90' lang='lat' dir='ltr'><strong>veros</strong></span> 
     </span>
    </p>

    <p class='ocr_par' dir='ltr' id='par_1_14' title="bbox 82 4496 1469 4590">
     <span class='ocr_line' id='line_1_50' title="bbox 82 4496 1469 4590; baseline -0.016 -21"><span class='ocrx_word' id='word_1_426' title='bbox 82 4506 191 4569; x_wconf 87' lang='lat' dir='ltr'><strong>Socios</strong></span> <span class='ocrx_word' id='word_1_427' title='bbox 207 4506 299 4590; x_wconf 91' lang='lat' dir='ltr'><strong>prius</strong></span> <span class='ocrx_word' id='word_1_428' title='bbox 314 4503 488 4567; x_wconf 85' lang='lat' dir='ltr'><strong>celebratis</strong></span> <span class='ocrx_word' id='word_1_429' title='bbox 505 4521 568 4563; x_wconf 93' lang='lat' dir='ltr'><strong>non</strong></span> <span class='ocrx_word' id='word_1_430' title='bbox 584 4496 806 4564; x_wconf 85' lang='lat' dir='ltr'><strong>obstantibus.</strong></span> <span class='ocrx_word' id='word_1_431' title='bbox 1415 4523 1469 4537; x_wconf 59' lang='lat'><strong>⁴-</strong></span> 
     </span>
    </p>
   </div>
   <div class='ocr_carea' id='block_1_5' title="bbox 0 0 1504 4700">
    <p class='ocr_par' dir='ltr' id='par_1_15' title="bbox 0 0 1504 4700">
     <span class='ocr_line' id='line_1_51' title="bbox 0 0 1504 4700; baseline 0 0"><span class='ocrx_word' id='word_1_432' title='bbox 0 0 1504 4700; x_wconf 95' lang='lat' dir='ltr'><strong> </strong></span> 
     </span>
    </p>
   </div>
  </div>
 </body>
</html>
