<?xml version="1.0" encoding="UTF-8"?>
<!DOCTYPE html PUBLIC "-//W3C//DTD XHTML 1.0 Transitional//EN"
    "http://www.w3.org/TR/xhtml1/DTD/xhtml1-transitional.dtd">
<html xmlns="http://www.w3.org/1999/xhtml" xml:lang="en" lang="en">
 <head>
  <title>
</title>
<meta http-equiv="Content-Type" content="text/html;charset=utf-8" />
  <meta name='ocr-system' content='tesseract 3.04.00' />
  <meta name='ocr-capabilities' content='ocr_page ocr_carea ocr_par ocr_line ocrx_word'/>
</head>
<body>
  <div class='ocr_page' id='page_1' title='image "./statutescollege02oxfogoog_0109.png"; bbox 0 0 3000 4700; ppageno 0'>
   <div class='ocr_carea' id='block_1_1' title="bbox 258 233 1212 323">
    <p class='ocr_par' dir='ltr' id='par_1_1' title="bbox 258 233 1212 323">
     <span class='ocr_line' id='line_1_1' title="bbox 258 233 1212 323; baseline -0.005 -24"><span class='ocrx_word' id='word_1_1' title='bbox 258 235 301 299; x_wconf 80' lang='lat'><strong>84</strong></span> <span class='ocrx_word' id='word_1_2' title='bbox 457 236 648 323; x_wconf 67' lang='grc'><strong>8101111990]</strong></span> <span class='ocrx_word' id='word_1_3' title='bbox 659 237 778 323; x_wconf 77' lang='lat' dir='ltr'><strong>Corpus</strong></span> <span class='ocrx_word' id='word_1_4' title='bbox 797 235 916 301; x_wconf 69' lang='lat' dir='ltr'><strong>Christi</strong></span> <span class='ocrx_word' id='word_1_5' title='bbox 933 233 1059 318; x_wconf 78' lang='grc'><strong>0011999,</strong></span> <span class='ocrx_word' id='word_1_6' title='bbox 1082 233 1212 317; x_wconf 76' lang='lat' dir='ltr'><strong>Oaford.</strong></span> 
     </span>
    </p>
   </div>
   <div class='ocr_carea' id='block_1_2' title="bbox 85 393 1404 2123">
    <p class='ocr_par' dir='ltr' id='par_1_2' title="bbox 85 393 1404 1778">
     <span class='ocr_line' id='line_1_2' title="bbox 252 393 1404 487; baseline -0.005 -23"><span class='ocrx_word' id='word_1_7' title='bbox 252 400 362 464; x_wconf 88' lang='grc'><strong>91010</strong></span> <span class='ocrx_word' id='word_1_8' title='bbox 391 423 411 464; x_wconf 87' lang='grc'><strong>0</strong></span> <span class='ocrx_word' id='word_1_9' title='bbox 437 401 732 486; x_wconf 86' lang='lat' dir='ltr'><strong>Dispensatoribus</strong></span> <span class='ocrx_word' id='word_1_10' title='bbox 760 401 907 487; x_wconf 87' lang='lat' dir='ltr'><strong>recipiat,</strong></span> <span class='ocrx_word' id='word_1_11' title='bbox 937 421 973 461; x_wconf 90' lang='grc'><strong>09</strong></span> <span class='ocrx_word' id='word_1_12' title='bbox 1001 405 1068 465; x_wconf 87' lang='lat' dir='ltr'><strong>tarn</strong></span> <span class='ocrx_word' id='word_1_13' title='bbox 1098 395 1141 460; x_wconf 89' lang='lat' dir='ltr'><strong>dc</strong></span> <span class='ocrx_word' id='word_1_14' title='bbox 1166 417 1206 460; x_wconf 89' lang='lat' dir='ltr'><strong>ea</strong></span> <span class='ocrx_word' id='word_1_15' title='bbox 1234 415 1334 478; x_wconf 89' lang='lat' dir='ltr'><strong>quarn</strong></span> <span class='ocrx_word' id='word_1_16' title='bbox 1361 393 1404 458; x_wconf 80' lang='lat' dir='ltr'><strong>de</strong></span> 
     </span>
     <span class='ocr_line' id='line_1_3' title="bbox 250 423 1401 575; baseline -0.003 -24"><span class='ocrx_word' id='word_1_17' title='bbox 250 423 386 574; x_wconf 83' lang='lat' dir='ltr'><strong>reliquis</strong></span> <span class='ocrx_word' id='word_1_18' title='bbox 410 488 563 554; x_wconf 87' lang='lat' dir='ltr'><strong>omnibus</strong></span> <span class='ocrx_word' id='word_1_19' title='bbox 589 509 648 575; x_wconf 92' lang='lat' dir='ltr'><strong>per</strong></span> <span class='ocrx_word' id='word_1_20' title='bbox 669 507 745 552; x_wconf 89' lang='lat' dir='ltr'><strong>cunr</strong></span> <span class='ocrx_word' id='word_1_21' title='bbox 770 508 830 574; x_wconf 91' lang='lat' dir='ltr'><strong>pro</strong></span> <span class='ocrx_word' id='word_1_22' title='bbox 854 486 912 549; x_wconf 92' lang='lat' dir='ltr'><strong>illo</strong></span> <span class='ocrx_word' id='word_1_23' title='bbox 936 482 1099 570; x_wconf 88' lang='lat' dir='ltr'><strong>discipulo</strong></span> <span class='ocrx_word' id='word_1_24' title='bbox 1121 482 1263 568; x_wconf 73' lang='lat' dir='ltr'>receptis</span> <span class='ocrx_word' id='word_1_25' title='bbox 1286 490 1321 546; x_wconf 92' lang='lat' dir='ltr'><strong>et</strong></span> <span class='ocrx_word' id='word_1_26' title='bbox 1345 503 1401 548; x_wconf 88' lang='lat' dir='ltr'><strong>ex·</strong></span> 
     </span>
     <span class='ocr_line' id='line_1_4' title="bbox 250 567 1403 658; baseline -0.006 -20"><span class='ocrx_word' id='word_1_27' title='bbox 250 573 366 658; x_wconf 88' lang='lat' dir='ltr'><strong>positis</strong></span> <span class='ocrx_word' id='word_1_28' title='bbox 391 573 529 638; x_wconf 81' lang='lat' dir='ltr'>reddere</span> <span class='ocrx_word' id='word_1_29' title='bbox 559 581 717 652; x_wconf 87' lang='lat' dir='ltr'><strong>teneatur,</strong></span> <span class='ocrx_word' id='word_1_30' title='bbox 734 573 836 638; x_wconf 89' lang='lat' dir='ltr'><strong>semel</strong></span> <span class='ocrx_word' id='word_1_31' title='bbox 864 572 899 638; x_wconf 91' lang='lat' dir='ltr'><strong>in</strong></span> <span class='ocrx_word' id='word_1_32' title='bbox 927 590 1027 648; x_wconf 85' lang='lat' dir='ltr'><strong>anno,</strong></span> <span class='ocrx_word' id='word_1_33' title='bbox 1050 567 1313 656; x_wconf 83' lang='lat' dir='ltr'><strong>quandocunque</strong></span> <span class='ocrx_word' id='word_1_34' title='bbox 1342 588 1403 653; x_wconf 90' lang='lat' dir='ltr'><strong>per</strong></span> 
     </span>
     <span class='ocr_line' id='line_1_5' title="bbox 253 653 1401 744; baseline -0.005 -22"><span class='ocrx_word' id='word_1_35' title='bbox 253 659 487 724; x_wconf 78' lang='lat' dir='ltr'><strong>Praesidentem</strong></span> <span class='ocrx_word' id='word_1_36' title='bbox 512 660 562 724; x_wconf 86' lang='lat' dir='ltr'><strong>vel</strong></span> <span class='ocrx_word' id='word_1_37' title='bbox 593 682 631 723; x_wconf 88' lang='lat' dir='ltr'><strong>eo</strong></span> <span class='ocrx_word' id='word_1_38' title='bbox 654 661 789 723; x_wconf 79' lang='lat' dir='ltr'><strong>absente</strong></span> <span class='ocrx_word' id='word_1_39' title='bbox 815 655 1127 744; x_wconf 82' lang='lat' dir='ltr'><strong>Vicepraesidentem</strong></span> <span class='ocrx_word' id='word_1_40' title='bbox 1150 660 1262 744; x_wconf 86' lang='lat' dir='ltr'><strong>jussus</strong></span> <span class='ocrx_word' id='word_1_41' title='bbox 1289 653 1401 732; x_wconf 85' lang='lat' dir='ltr'><strong>fuerit,</strong></span> 
     </span>
     <span class='ocr_line' id='line_1_6' title="bbox 250 739 1402 832; baseline -0.007 -22"><span class='ocrx_word' id='word_1_42' title='bbox 250 747 423 810; x_wconf 86' lang='lat' dir='ltr'><strong>rationem.</strong></span> <span class='ocrx_word' id='word_1_43' title='bbox 469 746 605 810; x_wconf 75' lang='lat' dir='ltr'>Proviso</span> <span class='ocrx_word' id='word_1_44' title='bbox 615 755 664 824; x_wconf 88' lang='lat' dir='ltr'><strong>ut,</strong></span> <span class='ocrx_word' id='word_1_45' title='bbox 676 745 712 809; x_wconf 92' lang='grc'><strong>10</strong></span> <span class='ocrx_word' id='word_1_46' title='bbox 725 745 785 809; x_wconf 86' lang='lat' dir='ltr'><strong>hae</strong></span> <span class='ocrx_word' id='word_1_47' title='bbox 811 753 958 810; x_wconf 88' lang='lat' dir='ltr'><strong>tutorum</strong></span> <span class='ocrx_word' id='word_1_48' title='bbox 974 742 1202 832; x_wconf 77' lang='lat' dir='ltr'><strong>deputatione,</strong></span> <span class='ocrx_word' id='word_1_49' title='bbox 1220 739 1402 822; x_wconf 87' lang='lat' dir='ltr'><strong>unicuique</strong></span> 
     </span>
     <span class='ocr_line' id='line_1_7' title="bbox 250 825 1401 929; baseline -0.005 -33"><span class='ocrx_word' id='word_1_50' title='bbox 250 832 416 918; x_wconf 85' lang='lat' dir='ltr'><strong>Magistro</strong></span> <span class='ocrx_word' id='word_1_51' title='bbox 427 855 464 896; x_wconf 87' lang='lat' dir='ltr'><strong>ac</strong></span> <span class='ocrx_word' id='word_1_52' title='bbox 476 831 792 897; x_wconf 85' lang='lat' dir='ltr'><strong>BaccalaureoSoeio</strong></span> <span class='ocrx_word' id='word_1_53' title='bbox 805 851 889 894; x_wconf 88' lang='lat' dir='ltr'><strong>unus</strong></span> <span class='ocrx_word' id='word_1_54' title='bbox 899 828 1078 929; x_wconf 89' lang='lat' dir='ltr'><strong>deputetur</strong></span> <span class='ocrx_word' id='word_1_55' title='bbox 1088 850 1148 913; x_wconf 92' lang='lat' dir='ltr'><strong>per</strong></span> <span class='ocrx_word' id='word_1_56' title='bbox 1162 825 1401 893; x_wconf 87' lang='lat' dir='ltr'><strong>Praesidentem</strong></span> 
     </span>
     <span class='ocr_line' id='line_1_8' title="bbox 250 911 1401 1004; baseline -0.006 -23"><span class='ocrx_word' id='word_1_57' title='bbox 250 916 440 1004; x_wconf 89' lang='lat' dir='ltr'><strong>discipulus,</strong></span> <span class='ocrx_word' id='word_1_58' title='bbox 456 919 514 1001; x_wconf 88' lang='lat' dir='ltr'><strong>qui</strong></span> <span class='ocrx_word' id='word_1_59' title='bbox 529 941 602 982; x_wconf 92' lang='lat' dir='ltr'><strong>cum</strong></span> <span class='ocrx_word' id='word_1_60' title='bbox 618 940 657 982; x_wconf 92' lang='lat' dir='ltr'><strong>co</strong></span> <span class='ocrx_word' id='word_1_61' title='bbox 672 918 707 981; x_wconf 92' lang='lat' dir='ltr'><strong>in</strong></span> <span class='ocrx_word' id='word_1_62' title='bbox 720 916 832 980; x_wconf 89' lang='lat' dir='ltr'><strong>eodem</strong></span> <span class='ocrx_word' id='word_1_63' title='bbox 849 917 991 980; x_wconf 83' lang='lat' dir='ltr'><strong>dormiat</strong></span> <span class='ocrx_word' id='word_1_64' title='bbox 1006 913 1165 993; x_wconf 88' lang='lat' dir='ltr'><strong>eubiculo,</strong></span> <span class='ocrx_word' id='word_1_65' title='bbox 1178 937 1214 977; x_wconf 87' lang='grc'><strong>09</strong></span> <span class='ocrx_word' id='word_1_66' title='bbox 1227 913 1259 977; x_wconf 92' lang='grc'><strong>91</strong></span> <span class='ocrx_word' id='word_1_67' title='bbox 1273 911 1401 976; x_wconf 86' lang='lat' dir='ltr'><strong>ibidem</strong></span> 
     </span>
     <span class='ocr_line' id='line_1_9' title="bbox 250 999 1401 1084; baseline -0.006 -17"><span class='ocrx_word' id='word_1_68' title='bbox 250 1004 285 1068; x_wconf 91' lang='lat' dir='ltr'><strong>in</strong></span> <span class='ocrx_word' id='word_1_69' title='bbox 313 1004 411 1069; x_wconf 93' lang='lat' dir='ltr'><strong>licitis</strong></span> <span class='ocrx_word' id='word_1_70' title='bbox 440 1016 473 1068; x_wconf 89' lang='lat' dir='ltr'><strong>et</strong></span> <span class='ocrx_word' id='word_1_71' title='bbox 502 1004 649 1068; x_wconf 78' lang='lat' dir='ltr'><strong>honestis</strong></span> <span class='ocrx_word' id='word_1_72' title='bbox 685 1003 851 1068; x_wconf 79' lang='lat' dir='ltr'><strong>inserviat.</strong></span> <span class='ocrx_word' id='word_1_73' title='bbox 914 1003 957 1066; x_wconf 86' lang='lat' dir='ltr'><strong>Et</strong></span> <span class='ocrx_word' id='word_1_74' title='bbox 987 999 1140 1084; x_wconf 86' lang='lat' dir='ltr'><strong>quoniam</strong></span> <span class='ocrx_word' id='word_1_75' title='bbox 1176 999 1401 1063; x_wconf 84' lang='lat' dir='ltr'><strong>intelleximus</strong></span> 
     </span>
     <span class='ocr_line' id='line_1_10' title="bbox 249 1084 1401 1174; baseline -0.005 -22"><span class='ocrx_word' id='word_1_76' title='bbox 249 1089 370 1154; x_wconf 87' lang='lat' dir='ltr'><strong>damna</strong></span> <span class='ocrx_word' id='word_1_77' title='bbox 384 1113 454 1169; x_wconf 43' lang='lat' dir='ltr'><strong>non,</strong></span> <span class='ocrx_word' id='word_1_78' title='bbox 463 1090 639 1157; x_wconf 89' lang='lat' dir='ltr'><strong>mediocria</strong></span> <span class='ocrx_word' id='word_1_79' title='bbox 653 1088 813 1174; x_wconf 84' lang='lat' dir='ltr'><strong>Collegiis</strong></span> <span class='ocrx_word' id='word_1_80' title='bbox 834 1088 906 1152; x_wconf 91' lang='lat' dir='ltr'><strong>aliis</strong></span> <span class='ocrx_word' id='word_1_81' title='bbox 922 1088 1067 1154; x_wconf 81' lang='lat' dir='ltr'><strong>evenisse</strong></span> <span class='ocrx_word' id='word_1_82' title='bbox 1083 1087 1125 1149; x_wconf 89' lang='lat' dir='ltr'><strong>ab</strong></span> <span class='ocrx_word' id='word_1_83' title='bbox 1141 1084 1401 1149; x_wconf 87' lang='lat' dir='ltr'><strong>extraordinario</strong></span> 
     </span>
     <span class='ocr_line' id='line_1_11' title="bbox 249 1171 1402 1258; baseline -0.004 -20"><span class='ocrx_word' id='word_1_84' title='bbox 249 1176 337 1240; x_wconf 91' lang='lat' dir='ltr'><strong>victu</strong></span> <span class='ocrx_word' id='word_1_85' title='bbox 355 1177 508 1258; x_wconf 89' lang='lat' dir='ltr'><strong>(batellas</strong></span> <span class='ocrx_word' id='word_1_86' title='bbox 523 1181 665 1254; x_wconf 69' lang='lat' dir='ltr'><strong>vocant),</strong></span> <span class='ocrx_word' id='word_1_87' title='bbox 680 1177 852 1240; x_wconf 85' lang='lat' dir='ltr'><strong>statuimus</strong></span> <span class='ocrx_word' id='word_1_88' title='bbox 863 1184 901 1238; x_wconf 90' lang='lat' dir='ltr'><strong>ut</strong></span> <span class='ocrx_word' id='word_1_89' title='bbox 915 1195 1010 1238; x_wconf 90' lang='lat' dir='ltr'><strong>nemo</strong></span> <span class='ocrx_word' id='word_1_90' title='bbox 1020 1172 1125 1237; x_wconf 78' lang='lat' dir='ltr'><strong>nostri</strong></span> <span class='ocrx_word' id='word_1_91' title='bbox 1140 1171 1284 1257; x_wconf 78' lang='lat' dir='ltr'><strong>t&#39;ollegii</strong></span> <span class='ocrx_word' id='word_1_92' title='bbox 1299 1189 1402 1256; x_wconf 86' lang='lat' dir='ltr'><strong>supra</strong></span> 
     </span>
     <span class='ocr_line' id='line_1_12' title="bbox 248 1257 1401 1349; baseline -0.005 -25"><span class='ocrx_word' id='word_1_93' title='bbox 248 1270 372 1326; x_wconf 81' lang='lat' dir='ltr'><strong>certam</strong></span> <span class='ocrx_word' id='word_1_94' title='bbox 384 1285 545 1327; x_wconf 90' lang='lat' dir='ltr'><strong>summam</strong></span> <span class='ocrx_word' id='word_1_95' title='bbox 561 1286 620 1349; x_wconf 89' lang='lat' dir='ltr'><strong>pro</strong></span> <span class='ocrx_word' id='word_1_96' title='bbox 644 1262 785 1347; x_wconf 85' lang='lat' dir='ltr'><strong>singulis</strong></span> <span class='ocrx_word' id='word_1_97' title='bbox 801 1261 1004 1347; x_wconf 83' lang='lat' dir='ltr'><strong>septimanis,</strong></span> <span class='ocrx_word' id='word_1_98' title='bbox 1022 1281 1081 1346; x_wconf 91' lang='lat' dir='ltr'><strong>per</strong></span> <span class='ocrx_word' id='word_1_99' title='bbox 1096 1258 1330 1322; x_wconf 84' lang='lat' dir='ltr'><strong>Praesidentem</strong></span> <span class='ocrx_word' id='word_1_100' title='bbox 1346 1257 1401 1320; x_wconf 88' lang='lat' dir='ltr'><strong>vel</strong></span> 
     </span>
     <span class='ocr_line' id='line_1_13' title="bbox 249 1342 1400 1430; baseline -0.005 -19"><span class='ocrx_word' id='word_1_101' title='bbox 249 1347 328 1412; x_wconf 89' lang='lat' dir='ltr'><strong>Vice</strong></span> <span class='ocrx_word' id='word_1_102' title='bbox 354 1349 569 1426; x_wconf 68' lang='lat' dir='ltr'><strong>residentem,</strong></span> <span class='ocrx_word' id='word_1_103' title='bbox 588 1350 759 1412; x_wconf 88' lang='lat' dir='ltr'><strong>Decannm</strong></span> <span class='ocrx_word' id='word_1_104' title='bbox 776 1357 810 1412; x_wconf 90' lang='lat' dir='ltr'><strong>et</strong></span> <span class='ocrx_word' id='word_1_105' title='bbox 831 1347 1106 1430; x_wconf 85' lang='lat' dir='ltr'><strong>Dispensatorem,</strong></span> <span class='ocrx_word' id='word_1_106' title='bbox 1123 1342 1339 1420; x_wconf 81' lang='lat' dir='ltr'><strong>limitandum,</strong></span> <span class='ocrx_word' id='word_1_107' title='bbox 1364 1344 1400 1405; x_wconf 94' lang='lat' dir='ltr'><strong>in</strong></span> 
     </span>
     <span class='ocr_line' id='line_1_14' title="bbox 250 1372 1399 1520; baseline -0.003 -24"><span class='ocrx_word' id='word_1_108' title='bbox 250 1372 381 1497; x_wconf 78' lang='lat' dir='ltr'><strong>bateilis</strong></span> <span class='ocrx_word' id='word_1_109' title='bbox 396 1444 584 1512; x_wconf 84' lang='lat' dir='ltr'><strong>consumat3</strong></span> <span class='ocrx_word' id='word_1_110' title='bbox 607 1456 667 1499; x_wconf 88' lang='lat' dir='ltr'><strong>nec</strong></span> <span class='ocrx_word' id='word_1_111' title='bbox 690 1434 884 1520; x_wconf 87' lang='lat' dir='ltr'><strong>pensionem</strong></span> <span class='ocrx_word' id='word_1_112' title='bbox 905 1441 963 1496; x_wconf 86' lang='lat' dir='ltr'><strong>aut</strong></span> <span class='ocrx_word' id='word_1_113' title='bbox 982 1439 1107 1495; x_wconf 88' lang='lat' dir='ltr'><strong>vestem</strong></span> <span class='ocrx_word' id='word_1_114' title='bbox 1127 1441 1203 1494; x_wconf 89' lang='lat' dir='ltr'><strong>ante</strong></span> <span class='ocrx_word' id='word_1_115' title='bbox 1218 1428 1399 1494; x_wconf 88' lang='lat' dir='ltr'><strong>eorundem</strong></span> 
     </span>
     <span class='ocr_line' id='line_1_15' title="bbox 85 1516 1400 1606; baseline -0.005 -23"><span class='ocrx_word' id='word_1_116' title='bbox 85 1527 228 1574; x_wconf 75' lang='lat' dir='ltr'><strong>Limitauon</strong></span> <span class='ocrx_word' id='word_1_117' title='bbox 251 1521 447 1606; x_wconf 83' lang='lat' dir='ltr'><strong>completam</strong></span> <span class='ocrx_word' id='word_1_118' title='bbox 459 1520 656 1584; x_wconf 89' lang='lat' dir='ltr'><strong>solutionem</strong></span> <span class='ocrx_word' id='word_1_119' title='bbox 672 1521 843 1605; x_wconf 89' lang='lat' dir='ltr'><strong>percipiat.</strong></span> <span class='ocrx_word' id='word_1_120' title='bbox 889 1518 938 1582; x_wconf 89' lang='lat' dir='ltr'><strong>Et</strong></span> <span class='ocrx_word' id='word_1_121' title='bbox 951 1527 1118 1604; x_wconf 74' lang='lat' dir='ltr'><strong>practerea,</strong></span> <span class='ocrx_word' id='word_1_122' title='bbox 1133 1516 1190 1598; x_wconf 91' lang='lat' dir='ltr'><strong>qui</strong></span> <span class='ocrx_word' id='word_1_123' title='bbox 1205 1517 1289 1579; x_wconf 86' lang='lat' dir='ltr'><strong>intra</strong></span> <span class='ocrx_word' id='word_1_124' title='bbox 1304 1516 1400 1598; x_wconf 92' lang='lat' dir='ltr'><strong>quin-</strong></span> 
     </span>
     <span class='ocr_line' id='line_1_16' title="bbox 87 1587 1396 1692; baseline -0.005 -23"><span class='ocrx_word' id='word_1_125' title='bbox 87 1587 117 1634; x_wconf 54' lang='grc'><strong>01</strong></span> <span class='ocrx_word' id='word_1_126' title='bbox 130 1588 227 1634; x_wconf 55' lang='lat' dir='ltr'><strong>m*</strong></span> <span class='ocrx_word' id='word_1_127' title='bbox 250 1605 355 1671; x_wconf 86' lang='lat' dir='ltr'><strong>decim</strong></span> <span class='ocrx_word' id='word_1_128' title='bbox 371 1606 440 1669; x_wconf 90' lang='lat' dir='ltr'><strong>dies</strong></span> <span class='ocrx_word' id='word_1_129' title='bbox 459 1607 624 1692; x_wconf 80' lang='lat' dir='ltr'><strong>proximos</strong></span> <span class='ocrx_word' id='word_1_130' title='bbox 649 1615 725 1692; x_wconf 93' lang='lat' dir='ltr'><strong>post</strong></span> <span class='ocrx_word' id='word_1_131' title='bbox 743 1605 940 1692; x_wconf 89' lang='lat' dir='ltr'><strong>completum</strong></span> <span class='ocrx_word' id='word_1_132' title='bbox 963 1604 1105 1690; x_wconf 89' lang='lat' dir='ltr'><strong>aliquem</strong></span> <span class='ocrx_word' id='word_1_133' title='bbox 1125 1603 1302 1667; x_wconf 87' lang='lat' dir='ltr'><strong>terminum</strong></span> <span class='ocrx_word' id='word_1_134' title='bbox 1318 1623 1396 1665; x_wconf 90' lang='lat' dir='ltr'><strong>con-</strong></span> 
     </span>
     <span class='ocr_line' id='line_1_17' title="bbox 248 1688 1399 1778; baseline -0.003 -24"><span class='ocrx_word' id='word_1_135' title='bbox 248 1701 381 1755; x_wconf 86' lang='lat' dir='ltr'><strong>suetum</strong></span> <span class='ocrx_word' id='word_1_136' title='bbox 405 1714 465 1778; x_wconf 92' lang='lat' dir='ltr'><strong>pro</strong></span> <span class='ocrx_word' id='word_1_137' title='bbox 480 1693 528 1755; x_wconf 91' lang='lat' dir='ltr'><strong>eis</strong></span> <span class='ocrx_word' id='word_1_138' title='bbox 566 1693 638 1756; x_wconf 91' lang='lat' dir='ltr'><strong>lene</strong></span> <span class='ocrx_word' id='word_1_139' title='bbox 655 1692 806 1777; x_wconf 87' lang='lat' dir='ltr'><strong>Collegio</strong></span> <span class='ocrx_word' id='word_1_140' title='bbox 821 1713 886 1755; x_wconf 92' lang='lat' dir='ltr'><strong>non</strong></span> <span class='ocrx_word' id='word_1_141' title='bbox 902 1688 1104 1759; x_wconf 86' lang='lat' dir='ltr'><strong>satisfecerit,</strong></span> <span class='ocrx_word' id='word_1_142' title='bbox 1120 1689 1272 1776; x_wconf 82' lang='lat' dir='ltr'><strong>deinceps</strong></span> <span class='ocrx_word' id='word_1_143' title='bbox 1287 1697 1399 1751; x_wconf 85' lang='lat' dir='ltr'><strong>extra-</strong></span> 
     </span>
    </p>

    <p class='ocr_par' dir='ltr' id='par_1_3' title="bbox 216 1715 1396 1865">
     <span class='ocr_line' id='line_1_18' title="bbox 216 1715 1396 1865; baseline -0.002 -26"><span class='ocrx_word' id='word_1_144' title='bbox 216 1774 219 1780; x_wconf 76' lang='grc'><strong>’</strong></span> <span class='ocrx_word' id='word_1_145' title='bbox 247 1777 414 1842; x_wconf 87' lang='lat' dir='ltr'><strong>ordinarie</strong></span> <span class='ocrx_word' id='word_1_146' title='bbox 429 1779 517 1841; x_wconf 89' lang='lat' dir='ltr'><strong>intra</strong></span> <span class='ocrx_word' id='word_1_147' title='bbox 532 1715 716 1865; x_wconf 63' lang='lat' dir='ltr'><strong>dollegium</strong></span> <span class='ocrx_word' id='word_1_148' title='bbox 741 1779 914 1861; x_wconf 86' lang='lat' dir='ltr'><strong>quicquam</strong></span> <span class='ocrx_word' id='word_1_149' title='bbox 936 1797 1064 1840; x_wconf 87' lang='lat' dir='ltr'><strong>sumere</strong></span> <span class='ocrx_word' id='word_1_150' title='bbox 1090 1775 1243 1858; x_wconf 86' lang='lat' dir='ltr'><strong>(batellas</strong></span> <span class='ocrx_word' id='word_1_151' title='bbox 1261 1779 1396 1855; x_wconf 85' lang='lat' dir='ltr'><strong>vocant)</strong></span> 
     </span>
    </p>

    <p class='ocr_par' dir='ltr' id='par_1_4' title="bbox 247 1859 1399 1951">
     <span class='ocr_line' id='line_1_19' title="bbox 247 1859 1399 1951; baseline -0.003 -25"><span class='ocrx_word' id='word_1_152' title='bbox 247 1884 314 1926; x_wconf 89' lang='grc'><strong>000</strong></span> <span class='ocrx_word' id='word_1_153' title='bbox 324 1875 508 1949; x_wconf 71' lang='lat' dir='ltr'><strong>praesumat,</strong></span> <span class='ocrx_word' id='word_1_154' title='bbox 519 1865 581 1927; x_wconf 89' lang='lat' dir='ltr'><strong>sub</strong></span> <span class='ocrx_word' id='word_1_155' title='bbox 595 1887 691 1951; x_wconf 83' lang='lat' dir='ltr'><strong>poena</strong></span> <span class='ocrx_word' id='word_1_156' title='bbox 705 1863 880 1928; x_wconf 89' lang='lat' dir='ltr'><strong>amotionis</strong></span> <span class='ocrx_word' id='word_1_157' title='bbox 894 1872 1063 1950; x_wconf 86' lang='lat' dir='ltr'><strong>perpetuae</strong></span> <span class='ocrx_word' id='word_1_158' title='bbox 1076 1871 1217 1926; x_wconf 89' lang='lat' dir='ltr'><strong>anostro</strong></span> <span class='ocrx_word' id='word_1_159' title='bbox 1235 1859 1399 1946; x_wconf 84' lang='lat' dir='ltr'><strong>Collegio,</strong></span> 
     </span>
    </p>

    <p class='ocr_par' dir='ltr' id='par_1_5' title="bbox 247 1947 1400 2035">
     <span class='ocr_line' id='line_1_20' title="bbox 247 1947 1400 2035; baseline -0.003 -22"><span class='ocrx_word' id='word_1_160' title='bbox 247 1971 345 2032; x_wconf 91' lang='lat' dir='ltr'><strong>quam</strong></span> <span class='ocrx_word' id='word_1_161' title='bbox 362 1950 628 2014; x_wconf 78' lang='lat' dir='ltr'><strong>contrafacientes</strong></span> <span class='ocrx_word' id='word_1_162' title='bbox 650 1952 812 2014; x_wconf 89' lang='lat' dir='ltr'><strong>incurrere</strong></span> <span class='ocrx_word' id='word_1_163' title='bbox 826 1950 984 2020; x_wconf 88' lang='lat' dir='ltr'><strong>volumus,</strong></span> <span class='ocrx_word' id='word_1_164' title='bbox 1001 1958 1216 2035; x_wconf 68' lang='lat' dir='ltr'><strong>praeterquam</strong></span> <span class='ocrx_word' id='word_1_165' title='bbox 1240 1947 1275 2010; x_wconf 90' lang='lat' dir='ltr'><strong>in</strong></span> <span class='ocrx_word' id='word_1_166' title='bbox 1298 1969 1400 2010; x_wconf 87' lang='lat' dir='ltr'><strong>causa</strong></span> 
     </span>
    </p>

    <p class='ocr_par' dir='ltr' id='par_1_6' title="bbox 164 2036 780 2123">
     <span class='ocr_line' id='line_1_21' title="bbox 164 2036 780 2123; baseline -0.005 -21"><span class='ocrx_word' id='word_1_167' title='bbox 164 2075 173 2094; x_wconf 78' lang='lat'><strong>·</strong></span> <span class='ocrx_word' id='word_1_168' title='bbox 248 2037 357 2121; x_wconf 80' lang='lat' dir='ltr'><strong>gravis</strong></span> <span class='ocrx_word' id='word_1_169' title='bbox 375 2037 583 2116; x_wconf 84' lang='lat' dir='ltr'><strong>infirmitatis,</strong></span> <span class='ocrx_word' id='word_1_170' title='bbox 599 2038 670 2123; x_wconf 90' lang='lat' dir='ltr'><strong>ipso</strong></span> <span class='ocrx_word' id='word_1_171' title='bbox 685 2036 780 2101; x_wconf 87' lang='lat' dir='ltr'><strong>facto.</strong></span> 
     </span>
    </p>
   </div>
   <div class='ocr_carea' id='block_1_3' title="bbox 435 2183 1221 2272">
    <p class='ocr_par' dir='ltr' id='par_1_7' title="bbox 435 2183 1221 2272">
     <span class='ocr_line' id='line_1_22' title="bbox 435 2183 1221 2272; baseline -0.004 -24"><span class='ocrx_word' id='word_1_172' title='bbox 435 2183 517 2269; x_wconf 88' lang='lat' dir='ltr'><strong>Cap.</strong></span> <span class='ocrx_word' id='word_1_173' title='bbox 533 2184 584 2248; x_wconf 84' lang='lat'><strong>38.</strong></span> <span class='ocrx_word' id='word_1_174' title='bbox 608 2188 661 2249; x_wconf 87' lang='lat' dir='ltr'><strong>De</strong></span> <span class='ocrx_word' id='word_1_175' title='bbox 672 2189 800 2250; x_wconf 82' lang='lat' dir='ltr'><strong>vestibus</strong></span> <span class='ocrx_word' id='word_1_176' title='bbox 813 2209 889 2272; x_wconf 83' lang='lat' dir='ltr'><strong>quas</strong></span> <span class='ocrx_word' id='word_1_177' title='bbox 903 2187 1047 2249; x_wconf 80' lang='lat' dir='ltr'><strong>liberatas</strong></span> <span class='ocrx_word' id='word_1_178' title='bbox 1060 2185 1221 2270; x_wconf 82' lang='lat' dir='ltr'><strong>appellant.</strong></span> 
     </span>
    </p>
   </div>
   <div class='ocr_carea' id='block_1_4' title="bbox 27 2292 1499 4610">
    <p class='ocr_par' dir='ltr' id='par_1_8' title="bbox 290 2292 1399 2381">
     <span class='ocr_line' id='line_1_23' title="bbox 290 2292 1399 2381; baseline 0 -26"><span class='ocrx_word' id='word_1_179' title='bbox 290 2293 330 2357; x_wconf 92' lang='lat' dir='ltr'><strong>ln</strong></span> <span class='ocrx_word' id='word_1_180' title='bbox 344 2293 538 2374; x_wconf 84' lang='lat' dir='ltr'><strong>Evangelio,</strong></span> <span class='ocrx_word' id='word_1_181' title='bbox 561 2295 677 2359; x_wconf 88' lang='lat' dir='ltr'><strong>merito</strong></span> <span class='ocrx_word' id='word_1_182' title='bbox 699 2293 952 2381; x_wconf 87' lang='lat' dir='ltr'><strong>reprehenditur</strong></span> <span class='ocrx_word' id='word_1_183' title='bbox 966 2294 1024 2377; x_wconf 92' lang='lat' dir='ltr'><strong>qui</strong></span> <span class='ocrx_word' id='word_1_184' title='bbox 1039 2292 1182 2379; x_wconf 84' lang='lat' dir='ltr'><strong>nuptiali</strong></span> <span class='ocrx_word' id='word_1_185' title='bbox 1197 2306 1285 2356; x_wconf 58' lang='lat' dir='ltr'><strong>veste</strong></span> <span class='ocrx_word' id='word_1_186' title='bbox 1299 2292 1399 2356; x_wconf 91' lang='lat' dir='ltr'><strong>sicuti</strong></span> 
     </span>
    </p>

    <p class='ocr_par' dir='ltr' id='par_1_9' title="bbox 245 2379 1397 2465">
     <span class='ocr_line' id='line_1_24' title="bbox 245 2379 1397 2465; baseline 0.002 -24"><span class='ocrx_word' id='word_1_187' title='bbox 245 2379 302 2442; x_wconf 94' lang='lat' dir='ltr'><strong>alii</strong></span> <span class='ocrx_word' id='word_1_188' title='bbox 332 2379 469 2443; x_wconf 90' lang='lat' dir='ltr'><strong>indutus</strong></span> <span class='ocrx_word' id='word_1_189' title='bbox 496 2403 562 2442; x_wconf 85' lang='lat' dir='ltr'><strong>non</strong></span> <span class='ocrx_word' id='word_1_190' title='bbox 584 2380 718 2465; x_wconf 92' lang='lat' dir='ltr'><strong>prodiit.</strong></span> <span class='ocrx_word' id='word_1_191' title='bbox 765 2381 874 2444; x_wconf 88' lang='lat' dir='ltr'><strong>Vestis</strong></span> <span class='ocrx_word' id='word_1_192' title='bbox 904 2382 992 2444; x_wconf 91' lang='lat' dir='ltr'><strong>enim</strong></span> <span class='ocrx_word' id='word_1_193' title='bbox 1020 2380 1211 2465; x_wconf 87' lang='lat' dir='ltr'><strong>plerumque</strong></span> <span class='ocrx_word' id='word_1_194' title='bbox 1241 2380 1397 2464; x_wconf 85' lang='lat' dir='ltr'><strong>ignotum</strong></span> 
     </span>
    </p>

    <p class='ocr_par' dir='ltr' id='par_1_10' title="bbox 244 2463 1395 2551">
     <span class='ocr_line' id='line_1_25' title="bbox 244 2463 1395 2551; baseline 0 -24"><span class='ocrx_word' id='word_1_195' title='bbox 244 2465 413 2549; x_wconf 87' lang='lat' dir='ltr'><strong>incognito</strong></span> <span class='ocrx_word' id='word_1_196' title='bbox 430 2463 524 2529; x_wconf 82' lang='lat' dir='ltr'><strong>facile</strong></span> <span class='ocrx_word' id='word_1_197' title='bbox 547 2488 615 2551; x_wconf 85' lang='lat' dir='ltr'><strong>prae</strong></span> <span class='ocrx_word' id='word_1_198' title='bbox 636 2488 670 2529; x_wconf 91' lang='lat' dir='ltr'><strong>se</strong></span> <span class='ocrx_word' id='word_1_199' title='bbox 695 2466 758 2530; x_wconf 87' lang='grc'><strong>1911</strong></span> <span class='ocrx_word' id='word_1_200' title='bbox 774 2469 866 2551; x_wconf 86' lang='lat' dir='ltr'><strong>cujus</strong></span> <span class='ocrx_word' id='word_1_201' title='bbox 891 2468 935 2529; x_wconf 89' lang='lat' dir='ltr'><strong>sit</strong></span> <span class='ocrx_word' id='word_1_202' title='bbox 957 2466 1127 2551; x_wconf 82' lang='lat' dir='ltr'><strong>religionis</strong></span> <span class='ocrx_word' id='word_1_203' title='bbox 1142 2466 1194 2529; x_wconf 89' lang='lat' dir='ltr'><strong>vel</strong></span> <span class='ocrx_word' id='word_1_204' title='bbox 1210 2466 1271 2527; x_wconf 89' lang='lat' dir='ltr'><strong>loci</strong></span> <span class='ocrx_word' id='word_1_205' title='bbox 1293 2488 1395 2528; x_wconf 90' lang='lat' dir='ltr'><strong>mern-</strong></span> 
     </span>
    </p>

    <p class='ocr_par' dir='ltr' id='par_1_11' title="bbox 245 2550 1397 2637">
     <span class='ocr_line' id='line_1_26' title="bbox 245 2550 1397 2637; baseline 0.006 -25"><span class='ocrx_word' id='word_1_206' title='bbox 245 2550 351 2613; x_wconf 87' lang='lat' dir='ltr'><strong>brum.</strong></span> <span class='ocrx_word' id='word_1_207' title='bbox 396 2550 446 2615; x_wconf 92' lang='lat' dir='ltr'><strong>Ut</strong></span> <span class='ocrx_word' id='word_1_208' title='bbox 469 2552 574 2637; x_wconf 86' lang='lat' dir='ltr'><strong>igitur</strong></span> <span class='ocrx_word' id='word_1_209' title='bbox 599 2553 702 2618; x_wconf 88' lang='grc'><strong>009111</strong></span> <span class='ocrx_word' id='word_1_210' title='bbox 726 2554 921 2617; x_wconf 88' lang='lat' dir='ltr'><strong>monitorem</strong></span> <span class='ocrx_word' id='word_1_211' title='bbox 935 2551 1080 2616; x_wconf 89' lang='lat' dir='ltr'><strong>habeant</strong></span> <span class='ocrx_word' id='word_1_212' title='bbox 1095 2552 1192 2616; x_wconf 90' lang='lat' dir='ltr'><strong>simul</strong></span> <span class='ocrx_word' id='word_1_213' title='bbox 1217 2565 1251 2613; x_wconf 86' lang='lat' dir='ltr'><strong>et</strong></span> <span class='ocrx_word' id='word_1_214' title='bbox 1275 2561 1397 2619; x_wconf 86' lang='lat' dir='ltr'><strong>testem</strong></span> 
     </span>
    </p>

    <p class='ocr_par' dir='ltr' id='par_1_12' title="bbox 81 2635 1396 2723">
     <span class='ocr_line' id='line_1_27' title="bbox 81 2635 1396 2723; baseline 0.003 -26"><span class='ocrx_word' id='word_1_215' title='bbox 81 2651 192 2699; x_wconf 76' lang='lat' dir='ltr'><strong>Liveries</strong></span> <span class='ocrx_word' id='word_1_216' title='bbox 206 2635 549 2701; x_wconf 78' lang='grc'><strong>01110191001019199</strong></span> <span class='ocrx_word' id='word_1_217' title='bbox 564 2637 752 2712; x_wconf 74' lang='lat' dir='ltr'><strong>concordiae,</strong></span> <span class='ocrx_word' id='word_1_218' title='bbox 769 2639 924 2702; x_wconf 89' lang='lat' dir='ltr'><strong>omnibus</strong></span> <span class='ocrx_word' id='word_1_219' title='bbox 947 2638 1052 2703; x_wconf 87' lang='lat' dir='ltr'><strong>nostri</strong></span> <span class='ocrx_word' id='word_1_220' title='bbox 1068 2637 1213 2723; x_wconf 78' lang='lat' dir='ltr'><strong>Collegii</strong></span> <span class='ocrx_word' id='word_1_221' title='bbox 1228 2637 1268 2700; x_wconf 87' lang='lat' dir='ltr'><strong>de</strong></span> <span class='ocrx_word' id='word_1_222' title='bbox 1283 2659 1396 2722; x_wconf 89' lang='lat' dir='ltr'><strong>panno</strong></span> 
     </span>
    </p>

    <p class='ocr_par' dir='ltr' id='par_1_13' title="bbox 81 2712 1395 2811">
     <span class='ocr_line' id='line_1_28' title="bbox 81 2712 1395 2811; baseline 0.003 -27"><span class='ocrx_word' id='word_1_223' title='bbox 81 2712 341 2785; x_wconf 49' lang='grc'><strong>11110101100109</strong></span> <span class='ocrx_word' id='word_1_224' title='bbox 368 2743 469 2807; x_wconf 89' lang='grc'><strong>01009</strong></span> <span class='ocrx_word' id='word_1_225' title='bbox 492 2723 617 2802; x_wconf 87' lang='grc'><strong>9010119,</strong></span> <span class='ocrx_word' id='word_1_226' title='bbox 641 2725 718 2788; x_wconf 85' lang='grc'><strong>11991</strong></span> <span class='ocrx_word' id='word_1_227' title='bbox 742 2747 807 2788; x_wconf 91' lang='grc'><strong>000</strong></span> <span class='ocrx_word' id='word_1_228' title='bbox 832 2725 931 2788; x_wconf 88' lang='grc'><strong>00109</strong></span> <span class='ocrx_word' id='word_1_229' title='bbox 954 2725 1053 2811; x_wconf 91' lang='lat' dir='ltr'><strong>pretii</strong></span> <span class='ocrx_word' id='word_1_230' title='bbox 1078 2746 1114 2787; x_wconf 90' lang='lat' dir='ltr'><strong>ac</strong></span> <span class='ocrx_word' id='word_1_231' title='bbox 1140 2724 1395 2811; x_wconf 81' lang='lat' dir='ltr'><strong>magnitudinis,</strong></span> 
     </span>
    </p>

    <p class='ocr_par' dir='ltr' id='par_1_14' title="bbox 244 2808 1395 2897">
     <span class='ocr_line' id='line_1_29' title="bbox 244 2808 1395 2897; baseline 0.005 -28"><span class='ocrx_word' id='word_1_232' title='bbox 244 2828 304 2892; x_wconf 92' lang='lat' dir='ltr'><strong>pro</strong></span> <span class='ocrx_word' id='word_1_233' title='bbox 318 2808 464 2871; x_wconf 86' lang='lat' dir='ltr'><strong>vestibus</strong></span> <span class='ocrx_word' id='word_1_234' title='bbox 476 2810 704 2883; x_wconf 71' lang='lat' dir='ltr'><strong>exterioribus</strong></span> <span class='ocrx_word' id='word_1_235' title='bbox 719 2819 814 2895; x_wconf 86' lang='lat' dir='ltr'><strong>togas</strong></span> <span class='ocrx_word' id='word_1_236' title='bbox 831 2810 1007 2896; x_wconf 88' lang='lat' dir='ltr'><strong>appellant,</strong></span> <span class='ocrx_word' id='word_1_237' title='bbox 1019 2833 1087 2873; x_wconf 89' lang='lat' dir='ltr'><strong>una</strong></span> <span class='ocrx_word' id='word_1_238' title='bbox 1101 2833 1174 2874; x_wconf 92' lang='lat' dir='ltr'><strong>cum</strong></span> <span class='ocrx_word' id='word_1_239' title='bbox 1192 2810 1321 2895; x_wconf 88' lang='lat' dir='ltr'><strong>capitiis</strong></span> <span class='ocrx_word' id='word_1_240' title='bbox 1333 2834 1395 2897; x_wconf 86' lang='lat' dir='ltr'><strong>pro</strong></span> 
     </span>
    </p>

    <p class='ocr_par' dir='ltr' id='par_1_15' title="bbox 243 2890 1393 3041">
     <span class='ocr_line' id='line_1_30' title="bbox 243 2890 1393 3041; baseline 0.003 -86"><span class='ocrx_word' id='word_1_241' title='bbox 243 2890 426 3041; x_wconf 56' lang='grc'><strong>5101100119,</strong></span> <span class='ocrx_word' id='word_1_242' title='bbox 450 2894 492 2956; x_wconf 88' lang='lat' dir='ltr'><strong>ad</strong></span> <span class='ocrx_word' id='word_1_243' title='bbox 508 2894 672 2981; x_wconf 87' lang='lat' dir='ltr'><strong>impensas</strong></span> <span class='ocrx_word' id='word_1_244' title='bbox 694 2905 728 2959; x_wconf 93' lang='lat' dir='ltr'><strong>ct</strong></span> <span class='ocrx_word' id='word_1_245' title='bbox 752 2906 901 2982; x_wconf 88' lang='lat' dir='ltr'><strong>sumptus</strong></span> <span class='ocrx_word' id='word_1_246' title='bbox 917 2896 1022 2959; x_wconf 88' lang='lat' dir='ltr'><strong>nostri</strong></span> <span class='ocrx_word' id='word_1_247' title='bbox 1036 2896 1187 2981; x_wconf 84' lang='lat' dir='ltr'><strong>Collegii,</strong></span> <span class='ocrx_word' id='word_1_248' title='bbox 1204 2919 1261 2983; x_wconf 89' lang='lat' dir='ltr'><strong>per</strong></span> <span class='ocrx_word' id='word_1_249' title='bbox 1277 2897 1393 2961; x_wconf 74' lang='lat' dir='ltr'><strong>Prasi-</strong></span> 
     </span>
    </p>

    <p class='ocr_par' dir='ltr' id='par_1_16' title="bbox 267 2982 1393 3067">
     <span class='ocr_line' id='line_1_31' title="bbox 267 2982 1393 3067; baseline 0.004 -25"><span class='ocrx_word' id='word_1_250' title='bbox 267 2987 375 3043; x_wconf 90' lang='lat' dir='ltr'><strong>entem</strong></span> <span class='ocrx_word' id='word_1_251' title='bbox 391 2986 426 3042; x_wconf 87' lang='grc'><strong>91</strong></span> <span class='ocrx_word' id='word_1_252' title='bbox 440 2989 572 3045; x_wconf 75' lang='grc'><strong>9019109</strong></span> <span class='ocrx_word' id='word_1_253' title='bbox 586 2982 756 3046; x_wconf 84' lang='lat' dir='ltr'><strong>officiarios</strong></span> <span class='ocrx_word' id='word_1_254' title='bbox 771 2982 951 3067; x_wconf 87' lang='lat' dir='ltr'><strong>clavigeros</strong></span> <span class='ocrx_word' id='word_1_255' title='bbox 964 2982 1114 3045; x_wconf 91' lang='lat' dir='ltr'><strong>volumus</strong></span> <span class='ocrx_word' id='word_1_256' title='bbox 1133 2982 1272 3065; x_wconf 84' lang='lat' dir='ltr'><strong>singulis</strong></span> <span class='ocrx_word' id='word_1_257' title='bbox 1297 2984 1393 3046; x_wconf 87' lang='lat' dir='ltr'><strong>annis</strong></span> 
     </span>
    </p>

    <p class='ocr_par' dir='ltr' id='par_1_17' title="bbox 244 3064 1395 3166">
     <span class='ocr_line' id='line_1_32' title="bbox 244 3064 1395 3166; baseline 0.003 -39"><span class='ocrx_word' id='word_1_258' title='bbox 244 3064 277 3127; x_wconf 92' lang='lat' dir='ltr'><strong>in</strong></span> <span class='ocrx_word' id='word_1_259' title='bbox 293 3085 388 3128; x_wconf 90' lang='lat' dir='ltr'><strong>omne</strong></span> <span class='ocrx_word' id='word_1_260' title='bbox 401 3089 506 3130; x_wconf 85' lang='lat' dir='ltr'><strong>aevum</strong></span> <span class='ocrx_word' id='word_1_261' title='bbox 515 3067 689 3153; x_wconf 86' lang='lat' dir='ltr'><strong>provideri,</strong></span> <span class='ocrx_word' id='word_1_262' title='bbox 703 3067 763 3131; x_wconf 91' lang='lat' dir='ltr'><strong>hoc</strong></span> <span class='ocrx_word' id='word_1_263' title='bbox 777 3077 873 3166; x_wconf 87' lang='lat' dir='ltr'><strong>pacto</strong></span> <span class='ocrx_word' id='word_1_264' title='bbox 891 3068 976 3131; x_wconf 89' lang='lat' dir='ltr'><strong>inter</strong></span> <span class='ocrx_word' id='word_1_265' title='bbox 991 3090 1056 3145; x_wconf 89' lang='lat' dir='ltr'><strong>eos,</strong></span> <span class='ocrx_word' id='word_1_266' title='bbox 1073 3068 1114 3131; x_wconf 91' lang='lat' dir='ltr'><strong>ad</strong></span> <span class='ocrx_word' id='word_1_267' title='bbox 1128 3066 1249 3132; x_wconf 86' lang='lat' dir='ltr'><strong>festum</strong></span> <span class='ocrx_word' id='word_1_268' title='bbox 1266 3068 1395 3131; x_wconf 88' lang='lat' dir='ltr'><strong>Ascen-</strong></span> 
     </span>
    </p>

    <p class='ocr_par' dir='ltr' id='par_1_18' title="bbox 242 3149 1394 3240">
     <span class='ocr_line' id='line_1_33' title="bbox 242 3149 1394 3240; baseline 0.004 -28"><span class='ocrx_word' id='word_1_269' title='bbox 242 3149 354 3227; x_wconf 87' lang='lat' dir='ltr'><strong>sionis‚</strong></span> <span class='ocrx_word' id='word_1_270' title='bbox 366 3152 575 3218; x_wconf 88' lang='lat' dir='ltr'><strong>Pentecostes</strong></span> <span class='ocrx_word' id='word_1_271' title='bbox 586 3154 639 3217; x_wconf 88' lang='lat' dir='ltr'><strong>vel</strong></span> <span class='ocrx_word' id='word_1_272' title='bbox 650 3154 805 3240; x_wconf 82' lang='lat' dir='ltr'><strong>Corporis</strong></span> <span class='ocrx_word' id='word_1_273' title='bbox 817 3152 951 3229; x_wconf 88' lang='lat' dir='ltr'><strong>Christi,</strong></span> <span class='ocrx_word' id='word_1_274' title='bbox 960 3176 1020 3239; x_wconf 91' lang='lat' dir='ltr'><strong>pro</strong></span> <span class='ocrx_word' id='word_1_275' title='bbox 1033 3153 1169 3217; x_wconf 87' lang='lat' dir='ltr'><strong>arbitrio</strong></span> <span class='ocrx_word' id='word_1_276' title='bbox 1183 3154 1394 3218; x_wconf 84' lang='lat' dir='ltr'><strong>Praesidentis</strong></span> 
     </span>
    </p>

    <p class='ocr_par' dir='ltr' id='par_1_19' title="bbox 242 3238 1394 3324">
     <span class='ocr_line' id='line_1_34' title="bbox 242 3238 1394 3324; baseline 0.003 -25"><span class='ocrx_word' id='word_1_277' title='bbox 242 3243 277 3299; x_wconf 88' lang='lat' dir='ltr'><strong>et</strong></span> <span class='ocrx_word' id='word_1_278' title='bbox 299 3238 430 3323; x_wconf 88' lang='lat' dir='ltr'><strong>majoris</strong></span> <span class='ocrx_word' id='word_1_279' title='bbox 459 3240 563 3323; x_wconf 89' lang='lat' dir='ltr'><strong>partis</strong></span> <span class='ocrx_word' id='word_1_280' title='bbox 584 3240 728 3324; x_wconf 89' lang='lat' dir='ltr'><strong>quinque</strong></span> <span class='ocrx_word' id='word_1_281' title='bbox 752 3238 987 3314; x_wconf 88' lang='lat' dir='ltr'><strong>officiariorum,</strong></span> <span class='ocrx_word' id='word_1_282' title='bbox 1013 3238 1249 3303; x_wconf 89' lang='lat' dir='ltr'><strong>distribuendo.</strong></span> <span class='ocrx_word' id='word_1_283' title='bbox 1310 3242 1394 3317; x_wconf 85' lang='lat' dir='ltr'><strong>Qui·</strong></span> 
     </span>
    </p>

    <p class='ocr_par' dir='ltr' id='par_1_20' title="bbox 242 3323 1394 3409">
     <span class='ocr_line' id='line_1_35' title="bbox 242 3323 1394 3409; baseline 0.003 -24"><span class='ocrx_word' id='word_1_284' title='bbox 242 3344 370 3405; x_wconf 92' lang='lat' dir='ltr'><strong>cunque</strong></span> <span class='ocrx_word' id='word_1_285' title='bbox 379 3323 479 3386; x_wconf 80' lang='lat' dir='ltr'><strong>suerit</strong></span> <span class='ocrx_word' id='word_1_286' title='bbox 490 3325 596 3409; x_wconf 89' lang='lat' dir='ltr'><strong>primo</strong></span> <span class='ocrx_word' id='word_1_287' title='bbox 605 3326 658 3389; x_wconf 91' lang='lat' dir='ltr'><strong>die</strong></span> <span class='ocrx_word' id='word_1_288' title='bbox 674 3326 760 3389; x_wconf 90' lang='lat' dir='ltr'><strong>Maii</strong></span> <span class='ocrx_word' id='word_1_289' title='bbox 772 3324 963 3402; x_wconf 73' lang='lat' dir='ltr'><strong>PrasidenS,</strong></span> <span class='ocrx_word' id='word_1_290' title='bbox 979 3325 1103 3403; x_wconf 79' lang='lat' dir='ltr'><strong>Sosius,</strong></span> <span class='ocrx_word' id='word_1_291' title='bbox 1118 3326 1282 3395; x_wconf 88' lang='lat' dir='ltr'><strong>scholaris,</strong></span> <span class='ocrx_word' id='word_1_292' title='bbox 1294 3325 1394 3389; x_wconf 87' lang='lat' dir='ltr'><strong>disci-</strong></span> 
     </span>
    </p>

    <p class='ocr_par' dir='ltr' id='par_1_21' title="bbox 241 3408 1391 3505">
     <span class='ocr_line' id='line_1_36' title="bbox 241 3408 1391 3505; baseline 0.006 -36"><span class='ocrx_word' id='word_1_293' title='bbox 241 3408 349 3505; x_wconf 90' lang='lat' dir='ltr'><strong>pulus,</strong></span> <span class='ocrx_word' id='word_1_294' title='bbox 365 3409 515 3472; x_wconf 89' lang='lat' dir='ltr'><strong>minister</strong></span> <span class='ocrx_word' id='word_1_295' title='bbox 529 3411 639 3475; x_wconf 90' lang='lat' dir='ltr'><strong>sacelli</strong></span> <span class='ocrx_word' id='word_1_296' title='bbox 654 3420 712 3475; x_wconf 90' lang='lat' dir='ltr'><strong>aut</strong></span> <span class='ocrx_word' id='word_1_297' title='bbox 734 3411 876 3475; x_wconf 79' lang='lat' dir='ltr'><strong>famulus</strong></span> <span class='ocrx_word' id='word_1_298' title='bbox 898 3411 1094 3475; x_wconf 84' lang='lat' dir='ltr'><strong>domesticus</strong></span> <span class='ocrx_word' id='word_1_299' title='bbox 1118 3412 1223 3475; x_wconf 89' lang='lat' dir='ltr'><strong>nostri</strong></span> <span class='ocrx_word' id='word_1_300' title='bbox 1237 3412 1391 3497; x_wconf 84' lang='lat' dir='ltr'><strong>Collegii,</strong></span> 
     </span>
    </p>

    <p class='ocr_par' dir='ltr' id='par_1_22' title="bbox 241 3494 1392 3582">
     <span class='ocr_line' id='line_1_37' title="bbox 241 3494 1392 3582; baseline 0.006 -28"><span class='ocrx_word' id='word_1_301' title='bbox 241 3513 270 3554; x_wconf 87' lang='lat' dir='ltr'><strong>rs</strong></span> <span class='ocrx_word' id='word_1_302' title='bbox 293 3494 430 3577; x_wconf 91' lang='lat' dir='ltr'><strong>recipiat</strong></span> <span class='ocrx_word' id='word_1_303' title='bbox 454 3504 488 3557; x_wconf 93' lang='lat' dir='ltr'><strong>et</strong></span> <span class='ocrx_word' id='word_1_304' title='bbox 511 3494 633 3560; x_wconf 87' lang='lat' dir='ltr'><strong>habeat</strong></span> <span class='ocrx_word' id='word_1_305' title='bbox 655 3495 888 3561; x_wconf 85' lang='lat' dir='ltr'><strong>aPraesidente</strong></span> <span class='ocrx_word' id='word_1_306' title='bbox 907 3497 961 3561; x_wconf 89' lang='lat' dir='ltr'><strong>vel</strong></span> <span class='ocrx_word' id='word_1_307' title='bbox 979 3497 1251 3582; x_wconf 86' lang='lat' dir='ltr'><strong>Vicepraesidente</strong></span> <span class='ocrx_word' id='word_1_308' title='bbox 1267 3507 1299 3560; x_wconf 91' lang='lat' dir='ltr'><strong>et</strong></span> <span class='ocrx_word' id='word_1_309' title='bbox 1314 3498 1392 3561; x_wconf 90' lang='lat' dir='ltr'><strong>Dis-</strong></span> 
     </span>
    </p>

    <p class='ocr_par' dir='ltr' id='par_1_23' title="bbox 240 3578 1391 3668">
     <span class='ocr_line' id='line_1_38' title="bbox 240 3578 1391 3668; baseline 0.01 -31"><span class='ocrx_word' id='word_1_310' title='bbox 240 3578 469 3661; x_wconf 89' lang='lat' dir='ltr'><strong>pensatoribus</strong></span> <span class='ocrx_word' id='word_1_311' title='bbox 492 3581 649 3666; x_wconf 89' lang='lat' dir='ltr'><strong>ejusdem,</strong></span> <span class='ocrx_word' id='word_1_312' title='bbox 674 3581 716 3645; x_wconf 88' lang='lat' dir='ltr'><strong>ad</strong></span> <span class='ocrx_word' id='word_1_313' title='bbox 737 3583 879 3665; x_wconf 89' lang='lat' dir='ltr'><strong>aliquem</strong></span> <span class='ocrx_word' id='word_1_314' title='bbox 906 3605 947 3645; x_wconf 88' lang='lat' dir='ltr'><strong>ex</strong></span> <span class='ocrx_word' id='word_1_315' title='bbox 977 3581 1095 3647; x_wconf 88' lang='lat' dir='ltr'><strong>diebus</strong></span> <span class='ocrx_word' id='word_1_316' title='bbox 1124 3583 1328 3668; x_wconf 77' lang='lat' dir='ltr'><strong>supradictis,</strong></span> <span class='ocrx_word' id='word_1_317' title='bbox 1347 3586 1391 3649; x_wconf 89' lang='lat' dir='ltr'><strong>ad</strong></span> 
     </span>
    </p>

    <p class='ocr_par' dir='ltr' id='par_1_24' title="bbox 240 3663 1391 3753">
     <span class='ocr_line' id='line_1_39' title="bbox 240 3663 1391 3753; baseline 0.01 -30"><span class='ocrx_word' id='word_1_318' title='bbox 240 3671 391 3745; x_wconf 90' lang='lat' dir='ltr'><strong>sumptus</strong></span> <span class='ocrx_word' id='word_1_319' title='bbox 406 3663 557 3747; x_wconf 69' lang='lat' dir='ltr'><strong>Collegii,</strong></span> <span class='ocrx_word' id='word_1_320' title='bbox 572 3668 755 3751; x_wconf 86' lang='lat' dir='ltr'><strong>portionem</strong></span> <span class='ocrx_word' id='word_1_321' title='bbox 764 3669 874 3753; x_wconf 91' lang='lat' dir='ltr'><strong>panni,</strong></span> <span class='ocrx_word' id='word_1_322' title='bbox 888 3690 929 3731; x_wconf 89' lang='lat' dir='ltr'><strong>ex</strong></span> <span class='ocrx_word' id='word_1_323' title='bbox 945 3690 1011 3751; x_wconf 88' lang='lat' dir='ltr'><strong>qua</strong></span> <span class='ocrx_word' id='word_1_324' title='bbox 1026 3670 1089 3732; x_wconf 90' lang='lat' dir='ltr'><strong>sibi</strong></span> <span class='ocrx_word' id='word_1_325' title='bbox 1105 3678 1215 3753; x_wconf 87' lang='lat' dir='ltr'><strong>togam</strong></span> <span class='ocrx_word' id='word_1_326' title='bbox 1227 3671 1391 3742; x_wconf 77' lang='lat' dir='ltr'><strong>conficiat,</strong></span> 
     </span>
    </p>

    <p class='ocr_par' dir='ltr' id='par_1_25' title="bbox 240 3747 1499 3927">
     <span class='ocr_line' id='line_1_40' title="bbox 241 3747 1392 3839; baseline 0.013 -32"><span class='ocrx_word' id='word_1_327' title='bbox 241 3766 346 3829; x_wconf 84' lang='lat' dir='ltr'><strong>eaque</strong></span> <span class='ocrx_word' id='word_1_328' title='bbox 374 3747 537 3832; x_wconf 88' lang='lat' dir='ltr'><strong>plerisque</strong></span> <span class='ocrx_word' id='word_1_329' title='bbox 565 3751 654 3816; x_wconf 91' lang='lat' dir='ltr'><strong>illius</strong></span> <span class='ocrx_word' id='word_1_330' title='bbox 683 3754 763 3816; x_wconf 91' lang='lat' dir='ltr'><strong>anni</strong></span> <span class='ocrx_word' id='word_1_331' title='bbox 790 3756 938 3839; x_wconf 86' lang='lat' dir='ltr'><strong>proxime</strong></span> <span class='ocrx_word' id='word_1_332' title='bbox 966 3755 1131 3837; x_wconf 86' lang='lat' dir='ltr'><strong>sequentis</strong></span> <span class='ocrx_word' id='word_1_333' title='bbox 1155 3755 1270 3825; x_wconf 87' lang='lat' dir='ltr'><strong>diebus</strong></span> <span class='ocrx_word' id='word_1_334' title='bbox 1303 3756 1392 3822; x_wconf 83' lang='lat' dir='ltr'><strong>iutra</strong></span> 
     </span>
     <span class='ocr_line' id='line_1_41' title="bbox 240 3830 1499 3927; baseline 0.01 -32"><span class='ocrx_word' id='word_1_335' title='bbox 240 3830 494 3897; x_wconf 87' lang='lat' dir='ltr'><strong>Universitatcm</strong></span> <span class='ocrx_word' id='word_1_336' title='bbox 520 3838 650 3922; x_wconf 91' lang='lat' dir='ltr'><strong>publice</strong></span> <span class='ocrx_word' id='word_1_337' title='bbox 665 3848 786 3918; x_wconf 88' lang='lat' dir='ltr'><strong>utatur,</strong></span> <span class='ocrx_word' id='word_1_338' title='bbox 809 3841 871 3905; x_wconf 87' lang='lat' dir='ltr'><strong>sub</strong></span> <span class='ocrx_word' id='word_1_339' title='bbox 893 3862 991 3925; x_wconf 83' lang='lat' dir='ltr'><strong>poena</strong></span> <span class='ocrx_word' id='word_1_340' title='bbox 1015 3840 1196 3904; x_wconf 90' lang='lat' dir='ltr'><strong>amissionis</strong></span> <span class='ocrx_word' id='word_1_341' title='bbox 1219 3842 1390 3927; x_wconf 85' lang='lat' dir='ltr'><strong>pensionis</strong></span> <span class='ocrx_word' id='word_1_342' title='bbox 1490 3882 1499 3897; x_wconf 72' lang='grc' dir='ltr'><strong>ι-</strong></span> 
     </span>
    </p>

    <p class='ocr_par' dir='ltr' id='par_1_26' title="bbox 238 3919 1391 4012">
     <span class='ocr_line' id='line_1_42' title="bbox 238 3919 1391 4012; baseline 0.012 -33"><span class='ocrx_word' id='word_1_343' title='bbox 238 3939 307 3981; x_wconf 71' lang='lat' dir='ltr'><strong>suaa</strong></span> <span class='ocrx_word' id='word_1_344' title='bbox 328 3940 388 4003; x_wconf 90' lang='lat' dir='ltr'><strong>pro</strong></span> <span class='ocrx_word' id='word_1_345' title='bbox 409 3919 466 3983; x_wconf 93' lang='lat' dir='ltr'><strong>illo</strong></span> <span class='ocrx_word' id='word_1_346' title='bbox 480 3944 572 3985; x_wconf 89' lang='lat' dir='ltr'><strong>anno.</strong></span> <span class='ocrx_word' id='word_1_347' title='bbox 616 3924 766 4012; x_wconf 85' lang='lat' dir='ltr'><strong>Excepto</strong></span> <span class='ocrx_word' id='word_1_348' title='bbox 782 3935 891 3991; x_wconf 87' lang='lat' dir='ltr'><strong>tamen</strong></span> <span class='ocrx_word' id='word_1_349' title='bbox 914 3935 949 3990; x_wconf 88' lang='lat' dir='ltr'><strong>et</strong></span> <span class='ocrx_word' id='word_1_350' title='bbox 972 3926 1114 4012; x_wconf 89' lang='lat' dir='ltr'><strong>proviso,</strong></span> <span class='ocrx_word' id='word_1_351' title='bbox 1129 3936 1167 3989; x_wconf 88' lang='lat' dir='ltr'><strong>ut</strong></span> <span class='ocrx_word' id='word_1_352' title='bbox 1183 3926 1333 4012; x_wconf 88' lang='lat' dir='ltr'><strong>discipuli</strong></span> <span class='ocrx_word' id='word_1_353' title='bbox 1356 3940 1391 3996; x_wconf 83' lang='lat' dir='ltr'><strong>ct</strong></span> 
     </span>
    </p>

    <p class='ocr_par' dir='ltr' id='par_1_27' title="bbox 238 4004 1389 4098">
     <span class='ocr_line' id='line_1_43' title="bbox 238 4004 1389 4098; baseline 0.012 -33"><span class='ocrx_word' id='word_1_354' title='bbox 238 4004 347 4068; x_wconf 88' lang='lat' dir='ltr'><strong>sacelli</strong></span> <span class='ocrx_word' id='word_1_355' title='bbox 363 4006 507 4071; x_wconf 90' lang='lat' dir='ltr'><strong>ministri</strong></span> <span class='ocrx_word' id='word_1_356' title='bbox 531 4010 588 4093; x_wconf 90' lang='lat' dir='ltr'><strong>qui</strong></span> <span class='ocrx_word' id='word_1_357' title='bbox 615 4033 819 4093; x_wconf 86' lang='lat' dir='ltr'><strong>nequaquam</strong></span> <span class='ocrx_word' id='word_1_358' title='bbox 834 4035 892 4098; x_wconf 92' lang='lat' dir='ltr'><strong>per</strong></span> <span class='ocrx_word' id='word_1_359' title='bbox 906 4021 1052 4095; x_wconf 89' lang='lat' dir='ltr'><strong>quatuor</strong></span> <span class='ocrx_word' id='word_1_360' title='bbox 1065 4034 1191 4075; x_wconf 86' lang='lat' dir='ltr'><strong>menses</strong></span> <span class='ocrx_word' id='word_1_361' title='bbox 1206 4013 1283 4076; x_wconf 91' lang='lat' dir='ltr'><strong>anni</strong></span> <span class='ocrx_word' id='word_1_362' title='bbox 1298 4014 1389 4079; x_wconf 84' lang='lat' dir='ltr'><strong>illius</strong></span> 
     </span>
    </p>

    <p class='ocr_par' dir='ltr' id='par_1_28' title="bbox 237 4090 1391 4183">
     <span class='ocr_line' id='line_1_44' title="bbox 237 4090 1391 4183; baseline 0.01 -30"><span class='ocrx_word' id='word_1_363' title='bbox 237 4090 387 4175; x_wconf 84' lang='lat' dir='ltr'><strong>proxime</strong></span> <span class='ocrx_word' id='word_1_364' title='bbox 401 4093 624 4179; x_wconf 67' lang='lat' dir='ltr'><strong>praecedentis.</strong></span> <span class='ocrx_word' id='word_1_365' title='bbox 639 4097 681 4160; x_wconf 89' lang='lat' dir='ltr'><strong>ad</strong></span> <span class='ocrx_word' id='word_1_366' title='bbox 695 4098 935 4182; x_wconf 91' lang='lat' dir='ltr'><strong>primumdiem</strong></span> <span class='ocrx_word' id='word_1_367' title='bbox 956 4098 1041 4160; x_wconf 88' lang='lat' dir='ltr'><strong>Maii</strong></span> <span class='ocrx_word' id='word_1_368' title='bbox 1058 4096 1254 4183; x_wconf 76' lang='lat' dir='ltr'><strong>praedictum</strong></span> <span class='ocrx_word' id='word_1_369' title='bbox 1277 4102 1391 4167; x_wconf 87' lang='lat' dir='ltr'><strong>termi-</strong></span> 
     </span>
    </p>

    <p class='ocr_par' dir='ltr' id='par_1_29' title="bbox 236 4176 1389 4269">
     <span class='ocr_line' id='line_1_45' title="bbox 236 4176 1389 4269; baseline 0.01 -32"><span class='ocrx_word' id='word_1_370' title='bbox 236 4176 319 4249; x_wconf 89' lang='lat' dir='ltr'><strong>nati,</strong></span> <span class='ocrx_word' id='word_1_371' title='bbox 337 4177 372 4240; x_wconf 93' lang='lat' dir='ltr'><strong>in</strong></span> <span class='ocrx_word' id='word_1_372' title='bbox 388 4179 537 4265; x_wconf 84' lang='lat' dir='ltr'><strong>Collegio</strong></span> <span class='ocrx_word' id='word_1_373' title='bbox 557 4180 730 4267; x_wconf 86' lang='lat' dir='ltr'><strong>degerunt,</strong></span> <span class='ocrx_word' id='word_1_374' title='bbox 745 4182 780 4247; x_wconf 93' lang='lat' dir='ltr'><strong>hi</strong></span> <span class='ocrx_word' id='word_1_375' title='bbox 796 4184 920 4248; x_wconf 91' lang='lat' dir='ltr'><strong>nullam</strong></span> <span class='ocrx_word' id='word_1_376' title='bbox 940 4183 1122 4269; x_wconf 88' lang='lat' dir='ltr'><strong>hujusmodi</strong></span> <span class='ocrx_word' id='word_1_377' title='bbox 1137 4186 1322 4269; x_wconf 91' lang='lat' dir='ltr'><strong>portionem</strong></span> <span class='ocrx_word' id='word_1_378' title='bbox 1346 4190 1389 4249; x_wconf 78' lang='lat' dir='ltr'><strong>ael</strong></span> 
     </span>
    </p>

    <p class='ocr_par' dir='ltr' id='par_1_30' title="bbox 236 4257 1389 4357">
     <span class='ocr_line' id='line_1_46' title="bbox 236 4257 1389 4357; baseline 0.013 -36"><span class='ocrx_word' id='word_1_379' title='bbox 236 4257 400 4346; x_wconf 88' lang='lat' dir='ltr'><strong>impensas</strong></span> <span class='ocrx_word' id='word_1_380' title='bbox 415 4265 560 4352; x_wconf 88' lang='lat' dir='ltr'><strong>Collegii</strong></span> <span class='ocrx_word' id='word_1_381' title='bbox 574 4269 617 4330; x_wconf 92' lang='lat' dir='ltr'><strong>ab</strong></span> <span class='ocrx_word' id='word_1_382' title='bbox 638 4268 752 4336; x_wconf 88' lang='lat' dir='ltr'><strong>eodem</strong></span> <span class='ocrx_word' id='word_1_383' title='bbox 769 4270 937 4357; x_wconf 87' lang='lat' dir='ltr'><strong>recipiant.</strong></span> <span class='ocrx_word' id='word_1_384' title='bbox 983 4270 1052 4347; x_wconf 87' lang='lat' dir='ltr'><strong>Qui</strong></span> <span class='ocrx_word' id='word_1_385' title='bbox 1068 4277 1179 4333; x_wconf 88' lang='lat' dir='ltr'><strong>autern</strong></span> <span class='ocrx_word' id='word_1_386' title='bbox 1203 4292 1244 4334; x_wconf 89' lang='lat' dir='ltr'><strong>ex</strong></span> <span class='ocrx_word' id='word_1_387' title='bbox 1260 4270 1311 4335; x_wconf 91' lang='lat' dir='ltr'><strong>his</strong></span> <span class='ocrx_word' id='word_1_388' title='bbox 1327 4295 1389 4357; x_wconf 89' lang='lat' dir='ltr'><strong>per</strong></span> 
     </span>
    </p>

    <p class='ocr_par' dir='ltr' id='par_1_31' title="bbox 235 4352 1387 4443">
     <span class='ocr_line' id='line_1_47' title="bbox 235 4352 1387 4443; baseline 0.014 -36"><span class='ocrx_word' id='word_1_389' title='bbox 235 4356 376 4427; x_wconf 84' lang='lat' dir='ltr'><strong>quatuor</strong></span> <span class='ocrx_word' id='word_1_390' title='bbox 391 4372 524 4426; x_wconf 82' lang='lat' dir='ltr'><strong>menses</strong></span> <span class='ocrx_word' id='word_1_391' title='bbox 548 4352 582 4415; x_wconf 91' lang='lat' dir='ltr'><strong>in</strong></span> <span class='ocrx_word' id='word_1_392' title='bbox 608 4352 665 4415; x_wconf 94' lang='lat' dir='ltr'><strong>illo</strong></span> <span class='ocrx_word' id='word_1_393' title='bbox 692 4376 777 4418; x_wconf 91' lang='lat' dir='ltr'><strong>anno</strong></span> <span class='ocrx_word' id='word_1_394' title='bbox 799 4357 946 4441; x_wconf 85' lang='lat' dir='ltr'><strong>proxime</strong></span> <span class='ocrx_word' id='word_1_395' title='bbox 961 4354 1165 4441; x_wconf 87' lang='lat' dir='ltr'><strong>praecedente</strong></span> <span class='ocrx_word' id='word_1_396' title='bbox 1182 4356 1215 4419; x_wconf 94' lang='lat' dir='ltr'><strong>in</strong></span> <span class='ocrx_word' id='word_1_397' title='bbox 1235 4356 1387 4443; x_wconf 83' lang='lat' dir='ltr'><strong>Collegio</strong></span> 
     </span>
    </p>

    <p class='ocr_par' dir='ltr' id='par_1_32' title="bbox 27 4426 1388 4526">
     <span class='ocr_line' id='line_1_48' title="bbox 27 4426 1388 4526; baseline 0.018 -43"><span class='ocrx_word' id='word_1_398' title='bbox 27 4473 68 4483; x_wconf 9' lang='grc' dir='ltr'><strong>,γ</strong></span> <span class='ocrx_word' id='word_1_399' title='bbox 235 4426 407 4526; x_wconf 77' lang='lat' dir='ltr'><strong>degerunt,</strong></span> <span class='ocrx_word' id='word_1_400' title='bbox 424 4445 459 4499; x_wconf 88' lang='lat' dir='ltr'><strong>et</strong></span> <span class='ocrx_word' id='word_1_401' title='bbox 472 4436 578 4519; x_wconf 88' lang='lat' dir='ltr'><strong>primo</strong></span> <span class='ocrx_word' id='word_1_402' title='bbox 593 4438 648 4501; x_wconf 89' lang='lat' dir='ltr'><strong>die</strong></span> <span class='ocrx_word' id='word_1_403' title='bbox 663 4440 750 4502; x_wconf 87' lang='lat' dir='ltr'><strong>Maii</strong></span> <span class='ocrx_word' id='word_1_404' title='bbox 764 4440 919 4523; x_wconf 72' lang='lat' dir='ltr'><strong>praedicto</strong></span> <span class='ocrx_word' id='word_1_405' title='bbox 943 4464 980 4503; x_wconf 90' lang='lat' dir='ltr'><strong>ac</strong></span> <span class='ocrx_word' id='word_1_406' title='bbox 995 4440 1096 4503; x_wconf 90' lang='lat' dir='ltr'><strong>etiam</strong></span> <span class='ocrx_word' id='word_1_407' title='bbox 1113 4447 1259 4525; x_wconf 85' lang='lat' dir='ltr'><strong>ternpore</strong></span> <span class='ocrx_word' id='word_1_408' title='bbox 1275 4443 1388 4509; x_wconf 90' lang='lat' dir='ltr'><strong>distri·</strong></span> 
     </span>
    </p>

    <p class='ocr_par' dir='ltr' id='par_1_33' title="bbox 235 4509 1388 4610">
     <span class='ocr_line' id='line_1_49' title="bbox 235 4509 1388 4610; baseline 0.019 -38"><span class='ocrx_word' id='word_1_409' title='bbox 235 4509 380 4578; x_wconf 84' lang='lat' dir='ltr'><strong>butionis</strong></span> <span class='ocrx_word' id='word_1_410' title='bbox 407 4520 548 4583; x_wconf 87' lang='lat' dir='ltr'><strong>vestium</strong></span> <span class='ocrx_word' id='word_1_411' title='bbox 576 4522 807 4605; x_wconf 84' lang='lat' dir='ltr'><strong>praedictarum</strong></span> <span class='ocrx_word' id='word_1_412' title='bbox 837 4525 971 4610; x_wconf 89' lang='lat' dir='ltr'><strong>degant,</strong></span> <span class='ocrx_word' id='word_1_413' title='bbox 999 4524 1051 4588; x_wconf 92' lang='lat' dir='ltr'><strong>his</strong></span> <span class='ocrx_word' id='word_1_414' title='bbox 1080 4547 1171 4587; x_wconf 88' lang='lat' dir='ltr'><strong>suam</strong></span> <span class='ocrx_word' id='word_1_415' title='bbox 1199 4528 1388 4609; x_wconf 90' lang='lat' dir='ltr'><strong>portionem</strong></span> 
     </span>
    </p>
   </div>
   <div class='ocr_carea' id='block_1_5' title="bbox 0 0 1504 4700">
    <p class='ocr_par' dir='ltr' id='par_1_34' title="bbox 0 0 1504 4700">
     <span class='ocr_line' id='line_1_50' title="bbox 0 0 1504 4700; baseline 0 6"><span class='ocrx_word' id='word_1_416' title='bbox 0 0 1504 4700; x_wconf 95' lang='lat' dir='ltr'><strong> </strong></span> 
     </span>
    </p>
   </div>
  </div>
 </body>
</html>
