<?xml version="1.0" encoding="UTF-8"?>
<!DOCTYPE html PUBLIC "-//W3C//DTD XHTML 1.0 Transitional//EN"
    "http://www.w3.org/TR/xhtml1/DTD/xhtml1-transitional.dtd">
<html xmlns="http://www.w3.org/1999/xhtml" xml:lang="en" lang="en">
 <head>
  <title>
</title>
<meta http-equiv="Content-Type" content="text/html;charset=utf-8" />
  <meta name='ocr-system' content='tesseract 3.04.00' />
  <meta name='ocr-capabilities' content='ocr_page ocr_carea ocr_par ocr_line ocrx_word'/>
</head>
<body>
  <div class='ocr_page' id='page_1' title='image "./statutescollege02oxfogoog_0023.png"; bbox 0 0 3000 4700; ppageno 0'>
   <div class='ocr_carea' id='block_1_1' title="bbox 246 160 1117 248">
    <p class='ocr_par' dir='ltr' id='par_1_1' title="bbox 246 160 1117 248">
     <span class='ocr_line' id='line_1_1' title="bbox 246 160 1117 248; baseline -0.009 -19"><span class='ocrx_word' id='word_1_1' title='bbox 246 163 291 229; x_wconf 73' lang='lat' dir='ltr'>vi</span> <span class='ocrx_word' id='word_1_2' title='bbox 566 161 683 248; x_wconf 65' lang='lat' dir='ltr'>Corpus</span> <span class='ocrx_word' id='word_1_3' title='bbox 701 162 820 227; x_wconf 84' lang='lat' dir='ltr'>Christi</span> <span class='ocrx_word' id='word_1_4' title='bbox 839 160 966 246; x_wconf 73' lang='lat' dir='ltr'>Collepe,</span> <span class='ocrx_word' id='word_1_5' title='bbox 988 160 1117 246; x_wconf 79' lang='lat' dir='ltr'>Osscrd.</span> 
     </span>
    </p>
   </div>
   <div class='ocr_carea' id='block_1_2' title="bbox 234 322 1416 4468">
    <p class='ocr_par' dir='ltr' id='par_1_2' title="bbox 234 322 1416 4468">
     <span class='ocr_line' id='line_1_2' title="bbox 256 322 1409 416; baseline -0.003 -25"><span class='ocrx_word' id='word_1_6' title='bbox 256 327 396 415; x_wconf 69' lang='lat' dir='ltr'>praefato</span> <span class='ocrx_word' id='word_1_7' title='bbox 404 325 579 416; x_wconf 87' lang='lat' dir='ltr'>Episcopo,</span> <span class='ocrx_word' id='word_1_8' title='bbox 588 326 741 414; x_wconf 91' lang='lat' dir='ltr'>quodpos</span> <span class='ocrx_word' id='word_1_9' title='bbox 780 347 857 390; x_wconf 86' lang='lat' dir='ltr'>uam</span> <span class='ocrx_word' id='word_1_10' title='bbox 867 322 1409 413; x_wconf 81' lang='lat' dir='ltr'>Collegiumpraedictum,utprae·</span> 
     </span>
     <span class='ocr_line' id='line_1_3' title="bbox 257 409 1408 493; baseline -0.003 -16"><span class='ocrx_word' id='word_1_11' title='bbox 257 413 746 493; x_wconf 82' lang='lat' dir='ltr'>dicitur,fundatum,erectum‚</span> <span class='ocrx_word' id='word_1_12' title='bbox 808 421 890 485; x_wconf 84' lang='lat' dir='ltr'>tum.</span> <span class='ocrx_word' id='word_1_13' title='bbox 901 424 1046 477; x_wconf 85' lang='lat' dir='ltr'>creatum</span> <span class='ocrx_word' id='word_1_14' title='bbox 1056 419 1091 476; x_wconf 94' lang='lat' dir='ltr'>et</span> <span class='ocrx_word' id='word_1_15' title='bbox 1101 410 1287 475; x_wconf 88' lang='lat' dir='ltr'>stabilitum</span> <span class='ocrx_word' id='word_1_16' title='bbox 1295 409 1408 480; x_wconf 87' lang='lat' dir='ltr'>fuerit,</span> 
     </span>
     <span class='ocr_line' id='line_1_4' title="bbox 259 497 1408 587; baseline -0.004 -24"><span class='ocrx_word' id='word_1_17' title='bbox 259 500 349 564; x_wconf 85' lang='lat' dir='ltr'>idern</span> <span class='ocrx_word' id='word_1_18' title='bbox 369 500 555 587; x_wconf 79' lang='lat' dir='ltr'><strong>Episcopus</strong></span> <span class='ocrx_word' id='word_1_19' title='bbox 572 523 610 564; x_wconf 85' lang='lat' dir='ltr'>sc</span> <span class='ocrx_word' id='word_1_20' title='bbox 623 499 697 564; x_wconf 82' lang='lat' dir='ltr'>alise</span> <span class='ocrx_word' id='word_1_21' title='bbox 712 521 860 587; x_wconf 85' lang='lat' dir='ltr'>personae</span> <span class='ocrx_word' id='word_1_22' title='bbox 875 520 1085 582; x_wconf 64' lang='lat' dir='ltr'>quascunque,</span> <span class='ocrx_word' id='word_1_23' title='bbox 1101 498 1172 562; x_wconf 88' lang='lat' dir='ltr'>sive</span> <span class='ocrx_word' id='word_1_24' title='bbox 1186 497 1252 561; x_wconf 85' lang='lat' dir='ltr'>alia</span> <span class='ocrx_word' id='word_1_25' title='bbox 1266 517 1408 584; x_wconf 87' lang='lat' dir='ltr'>persons</span> 
     </span>
     <span class='ocr_line' id='line_1_5' title="bbox 259 582 1407 673; baseline -0.003 -23"><span class='ocrx_word' id='word_1_26' title='bbox 259 607 474 673; x_wconf 65' lang='lat' dir='ltr'>quecunque,</span> <span class='ocrx_word' id='word_1_27' title='bbox 489 588 643 659; x_wconf 81' lang='lat' dir='ltr'>maneria,</span> <span class='ocrx_word' id='word_1_28' title='bbox 660 595 774 665; x_wconf 87' lang='lat' dir='ltr'>terras,</span> <span class='ocrx_word' id='word_1_29' title='bbox 791 595 986 658; x_wconf 87' lang='lat' dir='ltr'>tenements,</span> <span class='ocrx_word' id='word_1_30' title='bbox 1010 584 1175 663; x_wconf 87' lang='lat' dir='ltr'>redditus,</span> <span class='ocrx_word' id='word_1_31' title='bbox 1195 582 1407 660; x_wconf 78' lang='lat' dir='ltr'>reversiones,</span> 
     </span>
     <span class='ocr_line' id='line_1_6' title="bbox 257 669 1409 761; baseline -0.003 -25"><span class='ocrx_word' id='word_1_32' title='bbox 257 672 402 752; x_wconf 86' lang='lat' dir='ltr'>servitia,</span> <span class='ocrx_word' id='word_1_33' title='bbox 417 674 591 759; x_wconf 85' lang='lat' dir='ltr'>portiones,</span> <span class='ocrx_word' id='word_1_34' title='bbox 610 683 778 761; x_wconf 83' lang='lat' dir='ltr'>apportus,</span> <span class='ocrx_word' id='word_1_35' title='bbox 796 672 992 750; x_wconf 83' lang='lat' dir='ltr'>annuitates,</span> <span class='ocrx_word' id='word_1_36' title='bbox 1012 672 1195 757; x_wconf 78' lang='lat' dir='ltr'>pensiones,</span> <span class='ocrx_word' id='word_1_37' title='bbox 1217 681 1252 734; x_wconf 91' lang='lat' dir='ltr'>et</span> <span class='ocrx_word' id='word_1_38' title='bbox 1269 669 1409 733; x_wconf 85' lang='lat' dir='ltr'>advoca-</span> 
     </span>
     <span class='ocr_line' id='line_1_7' title="bbox 262 756 1410 838; baseline -0.004 -16"><span class='ocrx_word' id='word_1_39' title='bbox 262 759 364 822; x_wconf 89' lang='lat' dir='ltr'>tiones</span> <span class='ocrx_word' id='word_1_40' title='bbox 380 759 597 838; x_wconf 86' lang='lat' dir='ltr'>ecclesiarum,</span> <span class='ocrx_word' id='word_1_41' title='bbox 613 783 650 824; x_wconf 86' lang='lat' dir='ltr'>ac</span> <span class='ocrx_word' id='word_1_42' title='bbox 667 759 778 824; x_wconf 88' lang='lat' dir='ltr'>omnia</span> <span class='ocrx_word' id='word_1_43' title='bbox 791 769 825 823; x_wconf 91' lang='lat' dir='ltr'>et</span> <span class='ocrx_word' id='word_1_44' title='bbox 840 757 1028 822; x_wconf 79' lang='lat' dir='ltr'>omnimodo</span> <span class='ocrx_word' id='word_1_45' title='bbox 1042 757 1110 821; x_wconf 85' lang='lat' dir='ltr'>alia</span> <span class='ocrx_word' id='word_1_46' title='bbox 1134 756 1410 821; x_wconf 79' lang='lat' dir='ltr'>haereditaments</span> 
     </span>
     <span class='ocr_line' id='line_1_8' title="bbox 260 841 1408 932; baseline -0.003 -24"><span class='ocrx_word' id='word_1_47' title='bbox 260 855 295 909; x_wconf 87' lang='lat' dir='ltr'>et</span> <span class='ocrx_word' id='word_1_48' title='bbox 318 844 533 932; x_wconf 89' lang='lat' dir='ltr'>possessiones</span> <span class='ocrx_word' id='word_1_49' title='bbox 548 867 764 930; x_wconf 76' lang='lat' dir='ltr'>quascunque,</span> <span class='ocrx_word' id='word_1_50' title='bbox 784 854 853 909; x_wconf 87' lang='lat' dir='ltr'>tarn</span> <span class='ocrx_word' id='word_1_51' title='bbox 876 844 1062 931; x_wconf 77' lang='lat' dir='ltr'>spiritualia</span> <span class='ocrx_word' id='word_1_52' title='bbox 1085 865 1184 928; x_wconf 80' lang='lat' dir='ltr'>quem</span> <span class='ocrx_word' id='word_1_53' title='bbox 1199 841 1408 930; x_wconf 81' lang='lat' dir='ltr'>temporalis,</span> 
     </span>
     <span class='ocr_line' id='line_1_9' title="bbox 259 930 1409 1018; baseline -0.004 -23"><span class='ocrx_word' id='word_1_54' title='bbox 259 931 304 995; x_wconf 83' lang='lat' dir='ltr'>ad</span> <span class='ocrx_word' id='word_1_55' title='bbox 319 930 463 996; x_wconf 89' lang='lat' dir='ltr'>valorem</span> <span class='ocrx_word' id='word_1_56' title='bbox 478 941 699 996; x_wconf 86' lang='lat' dir='ltr'>trecentarum</span> <span class='ocrx_word' id='word_1_57' title='bbox 714 940 748 1010; x_wconf 80' lang='lat' dir='ltr'>et</span> <span class='ocrx_word' id='word_1_58' title='bbox 763 932 910 1018; x_wconf 87' lang='lat' dir='ltr'>quinqua</span> <span class='ocrx_word' id='word_1_59' title='bbox 936 931 942 945; x_wconf 86' lang='lat'>&#39;</span> <span class='ocrx_word' id='word_1_60' title='bbox 968 944 1000 994; x_wconf 81' lang='lat' dir='ltr'>ta</span> <span class='ocrx_word' id='word_1_61' title='bbox 1020 930 1179 995; x_wconf 86' lang='lat' dir='ltr'>librarum</span> <span class='ocrx_word' id='word_1_62' title='bbox 1202 951 1262 1016; x_wconf 89' lang='lat' dir='ltr'>per</span> <span class='ocrx_word' id='word_1_63' title='bbox 1283 949 1409 992; x_wconf 87' lang='lat' dir='ltr'>aunum</span> 
     </span>
     <span class='ocr_line' id='line_1_10' title="bbox 260 954 1409 1104; baseline -0.003 -23"><span class='ocrx_word' id='word_1_64' title='bbox 260 1017 350 1082; x_wconf 85' lang='lat' dir='ltr'>ultra</span> <span class='ocrx_word' id='word_1_65' title='bbox 365 1018 473 1081; x_wconf 90' lang='lat' dir='ltr'>omnia</span> <span class='ocrx_word' id='word_1_66' title='bbox 487 1040 585 1082; x_wconf 84' lang='lat' dir='ltr'>onera</span> <span class='ocrx_word' id='word_1_67' title='bbox 599 1027 634 1082; x_wconf 91' lang='lat' dir='ltr'>et</span> <span class='ocrx_word' id='word_1_68' title='bbox 648 1018 798 1104; x_wconf 87' lang='lat' dir='ltr'>reprisss,</span> <span class='ocrx_word' id='word_1_69' title='bbox 817 1027 887 1082; x_wconf 82' lang='lat' dir='ltr'>tem</span> <span class='ocrx_word' id='word_1_70' title='bbox 902 954 967 1082; x_wconf 59' lang='lat' dir='ltr'>dein</span> <span class='ocrx_word' id='word_1_71' title='bbox 962 1016 1061 1081; x_wconf 88' lang='lat' dir='ltr'>feodo</span> <span class='ocrx_word' id='word_1_72' title='bbox 1077 1039 1138 1081; x_wconf 92' lang='lat' dir='ltr'>suo</span> <span class='ocrx_word' id='word_1_73' title='bbox 1158 1016 1291 1102; x_wconf 88' lang='lat' dir='ltr'>proprio</span> <span class='ocrx_word' id='word_1_74' title='bbox 1306 1036 1409 1102; x_wconf 89' lang='lat' dir='ltr'>quam</span> 
     </span>
     <span class='ocr_line' id='line_1_11' title="bbox 261 1100 1410 1190; baseline -0.004 -22"><span class='ocrx_word' id='word_1_75' title='bbox 261 1103 374 1182; x_wconf 89' lang='lat' dir='ltr'>alieno,</span> <span class='ocrx_word' id='word_1_76' title='bbox 390 1103 432 1168; x_wconf 87' lang='lat' dir='ltr'>de</span> <span class='ocrx_word' id='word_1_77' title='bbox 448 1105 542 1168; x_wconf 91' lang='lat' dir='ltr'>nobis</span> <span class='ocrx_word' id='word_1_78' title='bbox 551 1105 584 1168; x_wconf 91' lang='lat' dir='ltr'>in</span> <span class='ocrx_word' id='word_1_79' title='bbox 594 1105 700 1190; x_wconf 85' lang='lat' dir='ltr'>capite</span> <span class='ocrx_word' id='word_1_80' title='bbox 709 1105 763 1168; x_wconf 94' lang='lat' dir='ltr'>vel</span> <span class='ocrx_word' id='word_1_81' title='bbox 776 1103 883 1183; x_wconf 88' lang='lat' dir='ltr'>aliter,</span> <span class='ocrx_word' id='word_1_82' title='bbox 898 1114 957 1168; x_wconf 88' lang='lat' dir='ltr'>sut</span> <span class='ocrx_word' id='word_1_83' title='bbox 967 1103 1076 1187; x_wconf 86' lang='lat' dir='ltr'>aliquo</span> <span class='ocrx_word' id='word_1_84' title='bbox 1088 1100 1153 1167; x_wconf 89' lang='lat' dir='ltr'>alio</span> <span class='ocrx_word' id='word_1_85' title='bbox 1168 1101 1276 1181; x_wconf 90' lang='lat' dir='ltr'>modo,</span> <span class='ocrx_word' id='word_1_86' title='bbox 1291 1123 1350 1164; x_wconf 89' lang='lat' dir='ltr'>seu</span> <span class='ocrx_word' id='word_1_87' title='bbox 1366 1100 1410 1164; x_wconf 92' lang='lat' dir='ltr'>de</span> 
     </span>
     <span class='ocr_line' id='line_1_12' title="bbox 260 1189 1410 1276; baseline -0.003 -22"><span class='ocrx_word' id='word_1_88' title='bbox 260 1190 426 1273; x_wconf 83' lang='lat' dir='ltr'>aliquibus</span> <span class='ocrx_word' id='word_1_89' title='bbox 441 1189 514 1254; x_wconf 85' lang='lat' dir='ltr'>aliis</span> <span class='ocrx_word' id='word_1_90' title='bbox 529 1191 686 1276; x_wconf 89' lang='lat' dir='ltr'>personis,</span> <span class='ocrx_word' id='word_1_91' title='bbox 702 1190 817 1254; x_wconf 89' lang='lat' dir='ltr'>sende</span> <span class='ocrx_word' id='word_1_92' title='bbox 841 1190 952 1274; x_wconf 87' lang='lat' dir='ltr'>aliqua</span> <span class='ocrx_word' id='word_1_93' title='bbox 978 1190 1043 1253; x_wconf 85' lang='lat' dir='ltr'>alia</span> <span class='ocrx_word' id='word_1_94' title='bbox 1059 1211 1197 1276; x_wconf 86' lang='lat' dir='ltr'>persona</span> <span class='ocrx_word' id='word_1_95' title='bbox 1212 1209 1410 1273; x_wconf 82' lang='lat' dir='ltr'>quacunque</span> 
     </span>
     <span class='ocr_line' id='line_1_13' title="bbox 261 1271 1411 1362; baseline -0.002 -24"><span class='ocrx_word' id='word_1_96' title='bbox 261 1286 448 1348; x_wconf 87' lang='lat' dir='ltr'>teneantur,</span> <span class='ocrx_word' id='word_1_97' title='bbox 480 1276 671 1341; x_wconf 86' lang='lat' dir='ltr'>Praesidenti</span> <span class='ocrx_word' id='word_1_98' title='bbox 703 1287 738 1340; x_wconf 91' lang='lat' dir='ltr'>et</span> <span class='ocrx_word' id='word_1_99' title='bbox 769 1275 968 1340; x_wconf 82' lang='lat' dir='ltr'>scholaribus</span> <span class='ocrx_word' id='word_1_100' title='bbox 1001 1271 1146 1362; x_wconf 85' lang='lat' dir='ltr'>ejusdem</span> <span class='ocrx_word' id='word_1_101' title='bbox 1176 1274 1319 1360; x_wconf 81' lang='lat' dir='ltr'>collegii</span> <span class='ocrx_word' id='word_1_102' title='bbox 1347 1295 1411 1359; x_wconf 91' lang='lat' dir='ltr'>pro</span> 
     </span>
     <span class='ocr_line' id='line_1_14' title="bbox 263 1359 1410 1448; baseline -0.001 -23"><span class='ocrx_word' id='word_1_103' title='bbox 263 1371 411 1448; x_wconf 88' lang='lat' dir='ltr'>tempore</span> <span class='ocrx_word' id='word_1_104' title='bbox 435 1363 663 1440; x_wconf 83' lang='lat' dir='ltr'>existentibus,</span> <span class='ocrx_word' id='word_1_105' title='bbox 690 1372 725 1426; x_wconf 91' lang='lat' dir='ltr'>et</span> <span class='ocrx_word' id='word_1_106' title='bbox 748 1363 984 1426; x_wconf 89' lang='lat' dir='ltr'>successoribus</span> <span class='ocrx_word' id='word_1_107' title='bbox 1005 1362 1082 1440; x_wconf 89' lang='lat' dir='ltr'>suis,</span> <span class='ocrx_word' id='word_1_108' title='bbox 1109 1361 1200 1442; x_wconf 87' lang='lat' dir='ltr'>dare,</span> <span class='ocrx_word' id='word_1_109' title='bbox 1221 1359 1410 1439; x_wconf 83' lang='lat' dir='ltr'>concedere,</span> 
     </span>
     <span class='ocr_line' id='line_1_15' title="bbox 261 1446 1411 1547; baseline 0 -37"><span class='ocrx_word' id='word_1_110' title='bbox 261 1448 428 1534; x_wconf 82' lang='lat' dir='ltr'>assignare</span> <span class='ocrx_word' id='word_1_111' title='bbox 444 1459 479 1512; x_wconf 89' lang='lat' dir='ltr'>et</span> <span class='ocrx_word' id='word_1_112' title='bbox 493 1449 615 1536; x_wconf 85' lang='lat' dir='ltr'>legare,</span> <span class='ocrx_word' id='word_1_113' title='bbox 656 1449 735 1512; x_wconf 88' lang='lat' dir='ltr'>ossit</span> <span class='ocrx_word' id='word_1_114' title='bbox 749 1458 784 1512; x_wconf 89' lang='lat' dir='ltr'>et</span> <span class='ocrx_word' id='word_1_115' title='bbox 797 1449 931 1547; x_wconf 90' lang='lat' dir='ltr'>possint,</span> <span class='ocrx_word' id='word_1_116' title='bbox 946 1448 1056 1514; x_wconf 87' lang='lat' dir='ltr'>valeat</span> <span class='ocrx_word' id='word_1_117' title='bbox 1074 1457 1108 1512; x_wconf 92' lang='lat' dir='ltr'>et</span> <span class='ocrx_word' id='word_1_118' title='bbox 1126 1448 1270 1526; x_wconf 88' lang='lat' dir='ltr'>valeant,</span> <span class='ocrx_word' id='word_1_119' title='bbox 1286 1446 1411 1510; x_wconf 88' lang='lat' dir='ltr'>haben·</span> 
     </span>
     <span class='ocr_line' id='line_1_16' title="bbox 263 1471 1408 1622; baseline 0 -26"><span class='ocrx_word' id='word_1_120' title='bbox 263 1533 317 1604; x_wconf 89' lang='lat' dir='ltr'>da,</span> <span class='ocrx_word' id='word_1_121' title='bbox 344 1534 484 1600; x_wconf 88' lang='lat' dir='ltr'>tenenda</span> <span class='ocrx_word' id='word_1_122' title='bbox 510 1544 545 1598; x_wconf 89' lang='lat' dir='ltr'>et</span> <span class='ocrx_word' id='word_1_123' title='bbox 566 1471 751 1622; x_wconf 74' lang='lat' dir='ltr'>gaudenda,</span> <span class='ocrx_word' id='word_1_124' title='bbox 775 1533 899 1599; x_wconf 81' lang='lat' dir='ltr'>eisdem</span> <span class='ocrx_word' id='word_1_125' title='bbox 921 1534 1119 1599; x_wconf 80' lang='lat' dir='ltr'>Praesidenti</span> <span class='ocrx_word' id='word_1_126' title='bbox 1139 1543 1174 1598; x_wconf 90' lang='lat' dir='ltr'>et</span> <span class='ocrx_word' id='word_1_127' title='bbox 1193 1532 1408 1610; x_wconf 85' lang='lat' dir='ltr'>scholaribus,</span> 
     </span>
     <span class='ocr_line' id='line_1_17' title="bbox 262 1618 1411 1707; baseline 0.001 -24"><span class='ocrx_word' id='word_1_128' title='bbox 262 1629 299 1684; x_wconf 90' lang='lat' dir='ltr'>et</span> <span class='ocrx_word' id='word_1_129' title='bbox 326 1620 563 1684; x_wconf 87' lang='lat' dir='ltr'>successoribus</span> <span class='ocrx_word' id='word_1_130' title='bbox 592 1621 669 1698; x_wconf 89' lang='lat' dir='ltr'>suis,</span> <span class='ocrx_word' id='word_1_131' title='bbox 695 1620 947 1707; x_wconf 83' lang='lat' dir='ltr'>imperpetuum.</span> <span class='ocrx_word' id='word_1_132' title='bbox 993 1621 1038 1684; x_wconf 85' lang='lat' dir='ltr'>Et</span> <span class='ocrx_word' id='word_1_133' title='bbox 1065 1619 1188 1685; x_wconf 88' lang='lat' dir='ltr'>eisdem</span> <span class='ocrx_word' id='word_1_134' title='bbox 1215 1618 1411 1684; x_wconf 72' lang='lat' dir='ltr'>Presidenti</span> 
     </span>
     <span class='ocr_line' id='line_1_18' title="bbox 262 1704 1410 1793; baseline 0 -24"><span class='ocrx_word' id='word_1_135' title='bbox 262 1714 298 1769; x_wconf 89' lang='lat' dir='ltr'>et</span> <span class='ocrx_word' id='word_1_136' title='bbox 311 1704 522 1777; x_wconf 87' lang='lat' dir='ltr'>scholaribus,</span> <span class='ocrx_word' id='word_1_137' title='bbox 537 1716 571 1770; x_wconf 90' lang='lat' dir='ltr'>et</span> <span class='ocrx_word' id='word_1_138' title='bbox 586 1706 821 1771; x_wconf 87' lang='lat' dir='ltr'>successoribus</span> <span class='ocrx_word' id='word_1_139' title='bbox 838 1708 914 1779; x_wconf 89' lang='lat' dir='ltr'>suis,</span> <span class='ocrx_word' id='word_1_140' title='bbox 929 1705 1016 1790; x_wconf 92' lang='lat' dir='ltr'>qnod</span> <span class='ocrx_word' id='word_1_141' title='bbox 1030 1707 1095 1793; x_wconf 88' lang='lat' dir='ltr'>ipsi</span> <span class='ocrx_word' id='word_1_142' title='bbox 1116 1706 1273 1785; x_wconf 86' lang='lat' dir='ltr'>maneria,</span> <span class='ocrx_word' id='word_1_143' title='bbox 1293 1714 1410 1780; x_wconf 86' lang='lat' dir='ltr'>terras,</span> 
     </span>
     <span class='ocr_line' id='line_1_19' title="bbox 261 1791 1410 1880; baseline 0.001 -26"><span class='ocrx_word' id='word_1_144' title='bbox 261 1801 459 1865; x_wconf 73' lang='lat' dir='ltr'>tenemento,</span> <span class='ocrx_word' id='word_1_145' title='bbox 482 1791 640 1872; x_wconf 84' lang='lat' dir='ltr'>redditus,</span> <span class='ocrx_word' id='word_1_146' title='bbox 661 1792 871 1872; x_wconf 77' lang='lat' dir='ltr'>reversiones,</span> <span class='ocrx_word' id='word_1_147' title='bbox 886 1793 1032 1871; x_wconf 89' lang='lat' dir='ltr'>servitia,</span> <span class='ocrx_word' id='word_1_148' title='bbox 1049 1792 1224 1878; x_wconf 87' lang='lat' dir='ltr'>portiones,</span> <span class='ocrx_word' id='word_1_149' title='bbox 1239 1801 1410 1880; x_wconf 81' lang='lat' dir='ltr'>apportas,</span> 
     </span>
     <span class='ocr_line' id='line_1_20' title="bbox 262 1877 1413 1963; baseline -0.001 -22"><span class='ocrx_word' id='word_1_150' title='bbox 262 1877 442 1963; x_wconf 68' lang='lat' dir='ltr'>pensiones</span> <span class='ocrx_word' id='word_1_151' title='bbox 457 1879 654 1956; x_wconf 81' lang='lat' dir='ltr'>annuitetes,</span> <span class='ocrx_word' id='word_1_152' title='bbox 671 1900 708 1942; x_wconf 89' lang='lat' dir='ltr'>ao</span> <span class='ocrx_word' id='word_1_153' title='bbox 724 1880 833 1943; x_wconf 91' lang='lat' dir='ltr'>omnia</span> <span class='ocrx_word' id='word_1_154' title='bbox 847 1889 881 1943; x_wconf 94' lang='lat' dir='ltr'>et</span> <span class='ocrx_word' id='word_1_155' title='bbox 893 1877 1075 1943; x_wconf 89' lang='lat' dir='ltr'>omnimoda</span> <span class='ocrx_word' id='word_1_156' title='bbox 1088 1877 1360 1943; x_wconf 79' lang='lat' dir='ltr'>haereditsmenta</span> <span class='ocrx_word' id='word_1_157' title='bbox 1378 1887 1413 1941; x_wconf 90' lang='lat' dir='ltr'>et</span> 
     </span>
     <span class='ocr_line' id='line_1_21' title="bbox 263 1963 1412 2052; baseline -0.001 -24"><span class='ocrx_word' id='word_1_158' title='bbox 263 1965 476 2050; x_wconf 85' lang='lat' dir='ltr'>possessiones</span> <span class='ocrx_word' id='word_1_159' title='bbox 498 1987 708 2052; x_wconf 79' lang='lat' dir='ltr'>quoscunque,</span> <span class='ocrx_word' id='word_1_160' title='bbox 726 1974 794 2029; x_wconf 88' lang='lat' dir='ltr'>tam</span> <span class='ocrx_word' id='word_1_161' title='bbox 816 1964 980 2052; x_wconf 87' lang='lat' dir='ltr'>spirituali</span> <span class='ocrx_word' id='word_1_162' title='bbox 1003 1987 1121 2049; x_wconf 88' lang='lat' dir='ltr'>aquam</span> <span class='ocrx_word' id='word_1_163' title='bbox 1146 1964 1350 2051; x_wconf 87' lang='lat' dir='ltr'>temporalia,</span> <span class='ocrx_word' id='word_1_164' title='bbox 1367 1963 1412 2028; x_wconf 91' lang='lat' dir='ltr'>ad</span> 
     </span>
     <span class='ocr_line' id='line_1_22' title="bbox 262 2050 1411 2138; baseline 0 -24"><span class='ocrx_word' id='word_1_165' title='bbox 262 2050 404 2116; x_wconf 90' lang='lat' dir='ltr'>valorem</span> <span class='ocrx_word' id='word_1_166' title='bbox 431 2061 649 2117; x_wconf 87' lang='lat' dir='ltr'>trecentarum</span> <span class='ocrx_word' id='word_1_167' title='bbox 679 2062 713 2117; x_wconf 89' lang='lat' dir='ltr'>et</span> <span class='ocrx_word' id='word_1_168' title='bbox 745 2052 981 2138; x_wconf 85' lang='lat' dir='ltr'>quinquaginta</span> <span class='ocrx_word' id='word_1_169' title='bbox 1007 2051 1167 2115; x_wconf 87' lang='lat' dir='ltr'>librarum</span> <span class='ocrx_word' id='word_1_170' title='bbox 1195 2073 1255 2138; x_wconf 91' lang='lat' dir='ltr'>per</span> <span class='ocrx_word' id='word_1_171' title='bbox 1285 2073 1411 2115; x_wconf 87' lang='lat' dir='ltr'>annum</span> 
     </span>
     <span class='ocr_line' id='line_1_23' title="bbox 263 2136 1412 2224; baseline 0.002 -24"><span class='ocrx_word' id='word_1_172' title='bbox 263 2136 354 2201; x_wconf 89' lang='lat' dir='ltr'>ultra</span> <span class='ocrx_word' id='word_1_173' title='bbox 379 2139 486 2202; x_wconf 88' lang='lat' dir='ltr'>omnia</span> <span class='ocrx_word' id='word_1_174' title='bbox 511 2161 609 2202; x_wconf 85' lang='lat' dir='ltr'>onera</span> <span class='ocrx_word' id='word_1_175' title='bbox 622 2149 656 2204; x_wconf 91' lang='lat' dir='ltr'>et</span> <span class='ocrx_word' id='word_1_176' title='bbox 682 2139 829 2224; x_wconf 80' lang='lat' dir='ltr'>reprisas,</span> <span class='ocrx_word' id='word_1_177' title='bbox 843 2161 864 2202; x_wconf 89' lang='lat' dir='ltr'>a</span> <span class='ocrx_word' id='word_1_178' title='bbox 878 2137 1015 2224; x_wconf 82' lang='lat' dir='ltr'>praefsto</span> <span class='ocrx_word' id='word_1_179' title='bbox 1039 2138 1202 2224; x_wconf 90' lang='lat' dir='ltr'>Episcopo</span> <span class='ocrx_word' id='word_1_180' title='bbox 1216 2146 1253 2203; x_wconf 91' lang='lat' dir='ltr'>et</span> <span class='ocrx_word' id='word_1_181' title='bbox 1274 2138 1412 2221; x_wconf 91' lang='lat' dir='ltr'>quibus-</span> 
     </span>
     <span class='ocr_line' id='line_1_24' title="bbox 262 2223 1413 2324; baseline 0.002 -37"><span class='ocrx_word' id='word_1_182' title='bbox 262 2245 392 2306; x_wconf 91' lang='lat' dir='ltr'>cunque</span> <span class='ocrx_word' id='word_1_183' title='bbox 420 2223 492 2287; x_wconf 87' lang='lat' dir='ltr'>aliis</span> <span class='ocrx_word' id='word_1_184' title='bbox 520 2225 677 2311; x_wconf 88' lang='lat' dir='ltr'>personis,</span> <span class='ocrx_word' id='word_1_185' title='bbox 708 2246 767 2287; x_wconf 91' lang='lat' dir='ltr'>seu</span> <span class='ocrx_word' id='word_1_186' title='bbox 796 2246 989 2311; x_wconf 86' lang='lat' dir='ltr'>quacunque</span> <span class='ocrx_word' id='word_1_187' title='bbox 1019 2223 1085 2287; x_wconf 85' lang='lat' dir='ltr'>alia</span> <span class='ocrx_word' id='word_1_188' title='bbox 1113 2246 1265 2324; x_wconf 86' lang='lat' dir='ltr'>persona,</span> <span class='ocrx_word' id='word_1_189' title='bbox 1292 2247 1333 2288; x_wconf 86' lang='lat' dir='ltr'>ea</span> <span class='ocrx_word' id='word_1_190' title='bbox 1362 2225 1413 2289; x_wconf 91' lang='lat' dir='ltr'>eis</span> 
     </span>
     <span class='ocr_line' id='line_1_25' title="bbox 263 2308 1413 2397; baseline 0.003 -23"><span class='ocrx_word' id='word_1_191' title='bbox 263 2309 344 2375; x_wconf 88' lang='lat' dir='ltr'>dare</span> <span class='ocrx_word' id='word_1_192' title='bbox 359 2308 412 2374; x_wconf 93' lang='lat' dir='ltr'>vel</span> <span class='ocrx_word' id='word_1_193' title='bbox 438 2310 611 2375; x_wconf 86' lang='lat' dir='ltr'>concedere</span> <span class='ocrx_word' id='word_1_194' title='bbox 635 2309 768 2375; x_wconf 90' lang='lat' dir='ltr'>volente</span> <span class='ocrx_word' id='word_1_195' title='bbox 783 2310 838 2374; x_wconf 91' lang='lat' dir='ltr'>vel</span> <span class='ocrx_word' id='word_1_196' title='bbox 853 2309 1048 2390; x_wconf 90' lang='lat' dir='ltr'>volentibus,</span> <span class='ocrx_word' id='word_1_197' title='bbox 1062 2332 1209 2397; x_wconf 78' lang='lat' dir='ltr'>recipere</span> <span class='ocrx_word' id='word_1_198' title='bbox 1227 2311 1358 2397; x_wconf 88' lang='lat' dir='ltr'>possint</span> <span class='ocrx_word' id='word_1_199' title='bbox 1377 2320 1413 2377; x_wconf 88' lang='lat' dir='ltr'>et</span> 
     </span>
     <span class='ocr_line' id='line_1_26' title="bbox 266 2396 1414 2483; baseline 0.003 -23"><span class='ocrx_word' id='word_1_200' title='bbox 266 2406 377 2461; x_wconf 89' lang='lat' dir='ltr'>tenere</span> <span class='ocrx_word' id='word_1_201' title='bbox 400 2396 514 2460; x_wconf 91' lang='lat' dir='ltr'>sibiet</span> <span class='ocrx_word' id='word_1_202' title='bbox 530 2397 764 2460; x_wconf 87' lang='lat' dir='ltr'>successoribus</span> <span class='ocrx_word' id='word_1_203' title='bbox 791 2397 859 2461; x_wconf 88' lang='lat' dir='ltr'>suis</span> <span class='ocrx_word' id='word_1_204' title='bbox 873 2397 1037 2483; x_wconf 67' lang='lat' dir='ltr'>praedictis</span> <span class='ocrx_word' id='word_1_205' title='bbox 1052 2397 1307 2483; x_wconf 87' lang='lat' dir='ltr'>imperpetuum,</span> <span class='ocrx_word' id='word_1_206' title='bbox 1325 2399 1414 2463; x_wconf 89' lang='lat' dir='ltr'>siout</span> 
     </span>
     <span class='ocr_line' id='line_1_27' title="bbox 264 2481 1412 2570; baseline 0.003 -24"><span class='ocrx_word' id='word_1_207' title='bbox 264 2481 456 2569; x_wconf 83' lang='lat' dir='ltr'>praediotum</span> <span class='ocrx_word' id='word_1_208' title='bbox 482 2492 541 2560; x_wconf 90' lang='lat' dir='ltr'>est,</span> <span class='ocrx_word' id='word_1_209' title='bbox 559 2492 669 2547; x_wconf 88' lang='lat' dir='ltr'>tenore</span> <span class='ocrx_word' id='word_1_210' title='bbox 694 2484 906 2570; x_wconf 72' lang='lat' dir='ltr'>praesentium</span> <span class='ocrx_word' id='word_1_211' title='bbox 930 2484 1080 2549; x_wconf 90' lang='lat' dir='ltr'>similiter</span> <span class='ocrx_word' id='word_1_212' title='bbox 1102 2484 1270 2548; x_wconf 88' lang='lat' dir='ltr'>licentiam</span> <span class='ocrx_word' id='word_1_213' title='bbox 1296 2485 1412 2549; x_wconf 86' lang='lat' dir='ltr'>damus</span> 
     </span>
     <span class='ocr_line' id='line_1_28' title="bbox 264 2569 1413 2655; baseline 0.003 -22"><span class='ocrx_word' id='word_1_214' title='bbox 264 2578 300 2633; x_wconf 88' lang='lat' dir='ltr'>et</span> <span class='ocrx_word' id='word_1_215' title='bbox 328 2590 387 2655; x_wconf 91' lang='lat' dir='ltr'>per</span> <span class='ocrx_word' id='word_1_216' title='bbox 415 2578 590 2655; x_wconf 66' lang='lat' dir='ltr'>praesentes</span> <span class='ocrx_word' id='word_1_217' title='bbox 622 2569 828 2633; x_wconf 87' lang='lat' dir='ltr'>concedimus</span> <span class='ocrx_word' id='word_1_218' title='bbox 865 2571 1059 2655; x_wconf 69' lang='lat' dir='ltr'>specialem</span> <span class='ocrx_word' id='word_1_219' title='bbox 1087 2581 1213 2635; x_wconf 89' lang='lat' dir='ltr'>statuto</span> <span class='ocrx_word' id='word_1_220' title='bbox 1243 2571 1284 2635; x_wconf 91' lang='lat' dir='ltr'>de</span> <span class='ocrx_word' id='word_1_221' title='bbox 1314 2572 1413 2636; x_wconf 92' lang='lat' dir='ltr'>terris</span> 
     </span>
     <span class='ocr_line' id='line_1_29' title="bbox 264 2654 1412 2743; baseline 0.003 -24"><span class='ocrx_word' id='word_1_222' title='bbox 264 2665 299 2719; x_wconf 87' lang='lat' dir='ltr'>et</span> <span class='ocrx_word' id='word_1_223' title='bbox 325 2654 519 2719; x_wconf 86' lang='lat' dir='ltr'>tenementis</span> <span class='ocrx_word' id='word_1_224' title='bbox 547 2655 590 2718; x_wconf 85' lang='lat' dir='ltr'>ad</span> <span class='ocrx_word' id='word_1_225' title='bbox 612 2677 745 2719; x_wconf 84' lang='lat' dir='ltr'>manum</span> <span class='ocrx_word' id='word_1_226' title='bbox 766 2666 927 2720; x_wconf 87' lang='lat' dir='ltr'>mortuam</span> <span class='ocrx_word' id='word_1_227' title='bbox 952 2678 1013 2720; x_wconf 93' lang='lat' dir='ltr'>non</span> <span class='ocrx_word' id='word_1_228' title='bbox 1042 2656 1203 2743; x_wconf 88' lang='lat' dir='ltr'>ponendis</span> <span class='ocrx_word' id='word_1_229' title='bbox 1225 2657 1325 2727; x_wconf 84' lang='lat' dir='ltr'>edito,</span> <span class='ocrx_word' id='word_1_230' title='bbox 1351 2667 1412 2722; x_wconf 85' lang='lat' dir='ltr'>aut</span> 
     </span>
     <span class='ocr_line' id='line_1_30' title="bbox 264 2740 1413 2830; baseline 0.002 -25"><span class='ocrx_word' id='word_1_231' title='bbox 264 2741 377 2827; x_wconf 85' lang='lat' dir='ltr'>aliquo</span> <span class='ocrx_word' id='word_1_232' title='bbox 400 2740 465 2804; x_wconf 87' lang='lat' dir='ltr'>alio</span> <span class='ocrx_word' id='word_1_233' title='bbox 487 2749 622 2820; x_wconf 86' lang='lat' dir='ltr'>statuto,</span> <span class='ocrx_word' id='word_1_234' title='bbox 647 2750 731 2820; x_wconf 85' lang='lat' dir='ltr'>actu,</span> <span class='ocrx_word' id='word_1_235' title='bbox 750 2742 961 2821; x_wconf 88' lang='lat' dir='ltr'>ordinatione,</span> <span class='ocrx_word' id='word_1_236' title='bbox 991 2744 1174 2830; x_wconf 86' lang='lat' dir='ltr'>provisione</span> <span class='ocrx_word' id='word_1_237' title='bbox 1199 2766 1259 2807; x_wconf 86' lang='lat' dir='ltr'>seu</span> <span class='ocrx_word' id='word_1_238' title='bbox 1280 2745 1413 2809; x_wconf 87' lang='lat' dir='ltr'>restric-</span> 
     </span>
     <span class='ocr_line' id='line_1_31' title="bbox 265 2826 1414 2916; baseline 0.003 -25"><span class='ocrx_word' id='word_1_239' title='bbox 265 2827 362 2902; x_wconf 87' lang='lat' dir='ltr'>tione,</span> <span class='ocrx_word' id='word_1_240' title='bbox 393 2826 627 2891; x_wconf 89' lang='lat' dir='ltr'>inoontrarium</span> <span class='ocrx_word' id='word_1_241' title='bbox 653 2827 730 2891; x_wconf 90' lang='lat' dir='ltr'>inde</span> <span class='ocrx_word' id='word_1_242' title='bbox 754 2828 849 2907; x_wconf 83' lang='lat' dir='ltr'>facto,</span> <span class='ocrx_word' id='word_1_243' title='bbox 876 2828 975 2907; x_wconf 92' lang='lat' dir='ltr'>edito,</span> <span class='ocrx_word' id='word_1_244' title='bbox 995 2829 1146 2894; x_wconf 83' lang='lat' dir='ltr'>ordinato</span> <span class='ocrx_word' id='word_1_245' title='bbox 1169 2830 1239 2894; x_wconf 89' lang='lat' dir='ltr'>sive</span> <span class='ocrx_word' id='word_1_246' title='bbox 1268 2832 1414 2916; x_wconf 86' lang='lat' dir='ltr'>proviso,</span> 
     </span>
     <span class='ocr_line' id='line_1_32' title="bbox 264 2912 1413 3003; baseline 0.003 -26"><span class='ocrx_word' id='word_1_247' title='bbox 264 2922 324 2977; x_wconf 90' lang='lat' dir='ltr'>aut</span> <span class='ocrx_word' id='word_1_248' title='bbox 348 2912 461 2999; x_wconf 82' lang='lat' dir='ltr'>aliqua</span> <span class='ocrx_word' id='word_1_249' title='bbox 485 2913 552 2979; x_wconf 88' lang='lat' dir='ltr'>alia</span> <span class='ocrx_word' id='word_1_250' title='bbox 582 2936 626 2988; x_wconf 87' lang='lat' dir='ltr'>re,</span> <span class='ocrx_word' id='word_1_251' title='bbox 654 2936 751 2979; x_wconf 84' lang='lat' dir='ltr'>causa</span> <span class='ocrx_word' id='word_1_252' title='bbox 771 2914 825 2978; x_wconf 92' lang='lat' dir='ltr'>vel</span> <span class='ocrx_word' id='word_1_253' title='bbox 847 2916 987 2979; x_wconf 83' lang='lat' dir='ltr'>materia</span> <span class='ocrx_word' id='word_1_254' title='bbox 1009 2938 1214 3001; x_wconf 85' lang='lat' dir='ltr'>quacunque,</span> <span class='ocrx_word' id='word_1_255' title='bbox 1239 2916 1274 2979; x_wconf 92' lang='lat' dir='ltr'>in</span> <span class='ocrx_word' id='word_1_256' title='bbox 1296 2917 1413 3003; x_wconf 91' lang='lat' dir='ltr'>aliquo</span> 
     </span>
     <span class='ocr_line' id='line_1_33' title="bbox 263 3000 1413 3088; baseline 0.003 -25"><span class='ocrx_word' id='word_1_257' title='bbox 263 3021 328 3065; x_wconf 91' lang='lat' dir='ltr'>non</span> <span class='ocrx_word' id='word_1_258' title='bbox 351 3000 513 3065; x_wconf 86' lang='lat' dir='ltr'>obstante.</span> <span class='ocrx_word' id='word_1_259' title='bbox 575 3000 615 3065; x_wconf 86' lang='lat' dir='ltr'>Et</span> <span class='ocrx_word' id='word_1_260' title='bbox 630 3000 689 3066; x_wconf 91' lang='lat' dir='ltr'>hoc</span> <span class='ocrx_word' id='word_1_261' title='bbox 705 3001 831 3087; x_wconf 87' lang='lat' dir='ltr'>absque</span> <span class='ocrx_word' id='word_1_262' title='bbox 847 3002 960 3088; x_wconf 85' lang='lat' dir='ltr'>aliqua</span> <span class='ocrx_word' id='word_1_263' title='bbox 974 3001 1188 3087; x_wconf 91' lang='lat' dir='ltr'>inquisitione</span> <span class='ocrx_word' id='word_1_264' title='bbox 1202 3003 1272 3067; x_wconf 88' lang='lat' dir='ltr'>sive</span> <span class='ocrx_word' id='word_1_265' title='bbox 1286 3002 1333 3066; x_wconf 85' lang='lat' dir='ltr'>ali</span> <span class='ocrx_word' id='word_1_266' title='bbox 1359 3004 1413 3067; x_wconf 91' lang='lat' dir='ltr'>ui-</span> 
     </span>
     <span class='ocr_line' id='line_1_34' title="bbox 264 3025 1414 3175; baseline 0.002 -24"><span class='ocrx_word' id='word_1_267' title='bbox 264 3087 328 3151; x_wconf 90' lang='lat' dir='ltr'>bus</span> <span class='ocrx_word' id='word_1_268' title='bbox 343 3086 608 3173; x_wconf 88' lang='lat' dir='ltr'>inquisitionibus</span> <span class='ocrx_word' id='word_1_269' title='bbox 630 3087 717 3166; x_wconf 90' lang='lat' dir='ltr'>inde,</span> <span class='ocrx_word' id='word_1_270' title='bbox 732 3098 898 3175; x_wconf 83' lang='lat' dir='ltr'>praetextu</span> <span class='ocrx_word' id='word_1_271' title='bbox 913 3088 1051 3174; x_wconf 88' lang='lat' dir='ltr'>alicujus</span> <span class='ocrx_word' id='word_1_272' title='bbox 1065 3088 1175 3152; x_wconf 89' lang='lat' dir='ltr'>brevis</span> <span class='ocrx_word' id='word_1_273' title='bbox 1190 3112 1249 3153; x_wconf 91' lang='lat' dir='ltr'>seu</span> <span class='ocrx_word' id='word_1_274' title='bbox 1264 3025 1414 3155; x_wconf 65' lang='lat' dir='ltr'>mandati</span> 
     </span>
     <span class='ocr_line' id='line_1_35' title="bbox 264 3173 1412 3260; baseline 0.005 -25"><span class='ocrx_word' id='word_1_275' title='bbox 264 3174 377 3251; x_wconf 88' lang='lat' dir='ltr'>nostri,</span> <span class='ocrx_word' id='word_1_276' title='bbox 401 3174 453 3239; x_wconf 89' lang='lat' dir='ltr'>vel</span> <span class='ocrx_word' id='word_1_277' title='bbox 482 3173 666 3260; x_wconf 87' lang='lat' dir='ltr'>aliquorum</span> <span class='ocrx_word' id='word_1_278' title='bbox 693 3174 845 3239; x_wconf 90' lang='lat' dir='ltr'>brevium</span> <span class='ocrx_word' id='word_1_279' title='bbox 871 3198 928 3239; x_wconf 88' lang='lat' dir='ltr'>seu</span> <span class='ocrx_word' id='word_1_280' title='bbox 957 3173 1187 3239; x_wconf 84' lang='lat' dir='ltr'>mandatorum</span> <span class='ocrx_word' id='word_1_281' title='bbox 1216 3186 1412 3247; x_wconf 88' lang='lat' dir='ltr'>nostrorum,</span> 
     </span>
     <span class='ocr_line' id='line_1_36' title="bbox 263 3258 1413 3347; baseline 0.003 -24"><span class='ocrx_word' id='word_1_282' title='bbox 263 3258 429 3324; x_wconf 88' lang='lat' dir='ltr'>haeredum</span> <span class='ocrx_word' id='word_1_283' title='bbox 438 3260 493 3324; x_wconf 91' lang='lat' dir='ltr'>vel</span> <span class='ocrx_word' id='word_1_284' title='bbox 502 3261 968 3335; x_wconf 87' lang='lat' dir='ltr'>successorumnostrorum,de</span> <span class='ocrx_word' id='word_1_285' title='bbox 979 3260 1153 3347; x_wconf 89' lang='lat' dir='ltr'>“Adquod</span> <span class='ocrx_word' id='word_1_286' title='bbox 1163 3261 1413 3328; x_wconf 87' lang='lat' dir='ltr'>damnum‘’seu</span> 
     </span>
     <span class='ocr_line' id='line_1_37' title="bbox 264 3345 1416 3434; baseline 0.003 -24"><span class='ocrx_word' id='word_1_287' title='bbox 264 3346 402 3431; x_wconf 85' lang='lat' dir='ltr'>alicujus</span> <span class='ocrx_word' id='word_1_288' title='bbox 426 3345 563 3411; x_wconf 88' lang='lat' dir='ltr'>alterius</span> <span class='ocrx_word' id='word_1_289' title='bbox 587 3347 710 3425; x_wconf 87' lang='lat' dir='ltr'>brevis,</span> <span class='ocrx_word' id='word_1_290' title='bbox 735 3347 976 3426; x_wconf 89' lang='lat' dir='ltr'>commissionis,</span> <span class='ocrx_word' id='word_1_291' title='bbox 1001 3347 1149 3412; x_wconf 87' lang='lat' dir='ltr'>mandati</span> <span class='ocrx_word' id='word_1_292' title='bbox 1172 3371 1232 3413; x_wconf 87' lang='lat' dir='ltr'>seu</span> <span class='ocrx_word' id='word_1_293' title='bbox 1254 3371 1360 3434; x_wconf 79' lang='lat' dir='ltr'>praece</span> <span class='ocrx_word' id='word_1_294' title='bbox 1385 3350 1416 3414; x_wconf 91' lang='lat' dir='ltr'>ti</span> 
     </span>
     <span class='ocr_line' id='line_1_38' title="bbox 266 3373 1413 3521; baseline 0.005 -27"><span class='ocrx_word' id='word_1_295' title='bbox 266 3432 379 3510; x_wconf 89' lang='lat' dir='ltr'>nostri,</span> <span class='ocrx_word' id='word_1_296' title='bbox 390 3431 556 3496; x_wconf 85' lang='lat' dir='ltr'>haeredum</span> <span class='ocrx_word' id='word_1_297' title='bbox 565 3432 618 3497; x_wconf 89' lang='lat' dir='ltr'>vel</span> <span class='ocrx_word' id='word_1_298' title='bbox 627 3454 845 3497; x_wconf 88' lang='lat' dir='ltr'>successorum</span> <span class='ocrx_word' id='word_1_299' title='bbox 860 3443 1054 3512; x_wconf 90' lang='lat' dir='ltr'>nostrorum,</span> <span class='ocrx_word' id='word_1_300' title='bbox 1065 3434 1098 3499; x_wconf 91' lang='lat' dir='ltr'>in</span> <span class='ocrx_word' id='word_1_301' title='bbox 1113 3433 1174 3499; x_wconf 85' lang='lat' dir='ltr'>hac</span> <span class='ocrx_word' id='word_1_302' title='bbox 1182 3445 1276 3521; x_wconf 77' lang='lat' dir='ltr'>parte</span> <span class='ocrx_word' id='word_1_303' title='bbox 1285 3373 1413 3517; x_wconf 86' lang='lat' dir='ltr'>fiendis,</span> 
     </span>
     <span class='ocr_line' id='line_1_39' title="bbox 265 3516 1414 3604; baseline 0.006 -25"><span class='ocrx_word' id='word_1_304' title='bbox 265 3516 500 3603; x_wconf 87' lang='lat' dir='ltr'>prosequendis</span> <span class='ocrx_word' id='word_1_305' title='bbox 514 3539 573 3581; x_wconf 88' lang='lat' dir='ltr'>seu</span> <span class='ocrx_word' id='word_1_306' title='bbox 587 3517 762 3604; x_wconf 86' lang='lat' dir='ltr'>capiendis,</span> <span class='ocrx_word' id='word_1_307' title='bbox 779 3530 815 3584; x_wconf 89' lang='lat' dir='ltr'>et</span> <span class='ocrx_word' id='word_1_308' title='bbox 834 3520 870 3583; x_wconf 90' lang='lat' dir='ltr'>in</span> <span class='ocrx_word' id='word_1_309' title='bbox 885 3518 1123 3584; x_wconf 80' lang='lat' dir='ltr'>Cancellariam</span> <span class='ocrx_word' id='word_1_310' title='bbox 1138 3531 1292 3600; x_wconf 87' lang='lat' dir='ltr'>nostram,</span> <span class='ocrx_word' id='word_1_311' title='bbox 1307 3522 1414 3587; x_wconf 78' lang='lat' dir='ltr'>haere-</span> 
     </span>
     <span class='ocr_line' id='line_1_40' title="bbox 264 3602 1415 3696; baseline 0.009 -30"><span class='ocrx_word' id='word_1_312' title='bbox 264 3602 344 3666; x_wconf 92' lang='lat' dir='ltr'>dum</span> <span class='ocrx_word' id='word_1_313' title='bbox 354 3602 408 3666; x_wconf 90' lang='lat' dir='ltr'>vel</span> <span class='ocrx_word' id='word_1_314' title='bbox 419 3624 637 3667; x_wconf 81' lang='lat' dir='ltr'>successorum</span> <span class='ocrx_word' id='word_1_315' title='bbox 647 3614 840 3683; x_wconf 90' lang='lat' dir='ltr'>nostrorum,</span> <span class='ocrx_word' id='word_1_316' title='bbox 850 3627 907 3668; x_wconf 91' lang='lat' dir='ltr'>seu</span> <span class='ocrx_word' id='word_1_317' title='bbox 915 3605 1008 3685; x_wconf 88' lang='lat' dir='ltr'>alibi,</span> <span class='ocrx_word' id='word_1_318' title='bbox 1021 3608 1232 3687; x_wconf 87' lang='lat' dir='ltr'>retornandis,</span> <span class='ocrx_word' id='word_1_319' title='bbox 1243 3618 1277 3672; x_wconf 92' lang='lat' dir='ltr'>et</span> <span class='ocrx_word' id='word_1_320' title='bbox 1285 3609 1415 3696; x_wconf 87' lang='lat' dir='ltr'>absque</span> 
     </span>
     <span class='ocr_line' id='line_1_41' title="bbox 263 3688 1414 3775; baseline 0.008 -22"><span class='ocrx_word' id='word_1_321' title='bbox 263 3688 432 3775; x_wconf 82' lang='lat' dir='ltr'>aliquibus</span> <span class='ocrx_word' id='word_1_322' title='bbox 447 3688 521 3751; x_wconf 87' lang='lat' dir='ltr'>aliis</span> <span class='ocrx_word' id='word_1_323' title='bbox 542 3688 650 3753; x_wconf 88' lang='lat' dir='ltr'>literis</span> <span class='ocrx_word' id='word_1_324' title='bbox 666 3691 784 3754; x_wconf 88' lang='lat' dir='ltr'>nostris</span> <span class='ocrx_word' id='word_1_325' title='bbox 803 3692 1003 3775; x_wconf 83' lang='lat' dir='ltr'>patentibus,</span> <span class='ocrx_word' id='word_1_326' title='bbox 1028 3691 1197 3757; x_wconf 73' lang='lat' dir='ltr'>haredum</span> <span class='ocrx_word' id='word_1_327' title='bbox 1209 3694 1261 3759; x_wconf 92' lang='lat' dir='ltr'>vel</span> <span class='ocrx_word' id='word_1_328' title='bbox 1283 3717 1414 3761; x_wconf 87' lang='lat' dir='ltr'>succes·</span> 
     </span>
     <span class='ocr_line' id='line_1_42' title="bbox 263 3774 1415 3867; baseline 0.007 -29"><span class='ocrx_word' id='word_1_329' title='bbox 263 3796 374 3839; x_wconf 89' lang='lat' dir='ltr'>sorum</span> <span class='ocrx_word' id='word_1_330' title='bbox 390 3784 582 3853; x_wconf 88' lang='lat' dir='ltr'>nostrorum,</span> <span class='ocrx_word' id='word_1_331' title='bbox 599 3774 649 3852; x_wconf 91' lang='lat' dir='ltr'>de,</span> <span class='ocrx_word' id='word_1_332' title='bbox 662 3776 708 3853; x_wconf 91' lang='lat' dir='ltr'>in,</span> <span class='ocrx_word' id='word_1_333' title='bbox 723 3776 793 3840; x_wconf 89' lang='lat' dir='ltr'>sive</span> <span class='ocrx_word' id='word_1_334' title='bbox 824 3800 860 3841; x_wconf 91' lang='lat' dir='ltr'>ro</span> <span class='ocrx_word' id='word_1_335' title='bbox 875 3778 1058 3863; x_wconf 69' lang='lat' dir='ltr'>praemissis,</span> <span class='ocrx_word' id='word_1_336' title='bbox 1068 3779 1120 3844; x_wconf 90' lang='lat' dir='ltr'>vel</span> <span class='ocrx_word' id='word_1_337' title='bbox 1135 3780 1248 3865; x_wconf 89' lang='lat' dir='ltr'>aliquo</span> <span class='ocrx_word' id='word_1_338' title='bbox 1262 3782 1415 3867; x_wconf 70' lang='lat' dir='ltr'>proemis-</span> 
     </span>
     <span class='ocr_line' id='line_1_43' title="bbox 263 3799 1415 3956; baseline 0.007 -31"><span class='ocrx_word' id='word_1_339' title='bbox 263 3883 382 3939; x_wconf 85' lang='lat' dir='ltr'>sorum,</span> <span class='ocrx_word' id='word_1_340' title='bbox 400 3860 615 3946; x_wconf 90' lang='lat' dir='ltr'>quovismodo</span> <span class='ocrx_word' id='word_1_341' title='bbox 630 3799 853 3947; x_wconf 83' lang='lat' dir='ltr'>impetrandis,</span> <span class='ocrx_word' id='word_1_342' title='bbox 869 3863 1027 3929; x_wconf 89' lang='lat' dir='ltr'>habendis</span> <span class='ocrx_word' id='word_1_343' title='bbox 1041 3866 1112 3929; x_wconf 91' lang='lat' dir='ltr'>sive</span> <span class='ocrx_word' id='word_1_344' title='bbox 1126 3866 1260 3933; x_wconf 89' lang='lat' dir='ltr'>fiendis:</span> <span class='ocrx_word' id='word_1_345' title='bbox 1287 3867 1415 3956; x_wconf 89' lang='lat' dir='ltr'>aliqui·</span> 
     </span>
     <span class='ocr_line' id='line_1_44' title="bbox 262 3946 1414 4031; baseline 0.008 -19"><span class='ocrx_word' id='word_1_346' title='bbox 262 3950 325 4012; x_wconf 87' lang='lat' dir='ltr'>bus</span> <span class='ocrx_word' id='word_1_347' title='bbox 349 3946 497 4026; x_wconf 80' lang='lat' dir='ltr'>statutis,</span> <span class='ocrx_word' id='word_1_348' title='bbox 525 3947 663 4011; x_wconf 87' lang='lat' dir='ltr'>actubus</span> <span class='ocrx_word' id='word_1_349' title='bbox 685 3949 752 4013; x_wconf 91' lang='lat' dir='ltr'>sive</span> <span class='ocrx_word' id='word_1_350' title='bbox 776 3950 1048 4031; x_wconf 65' lang='lat' dir='ltr'>ordinationibus</span> <span class='ocrx_word' id='word_1_351' title='bbox 1074 3952 1308 4018; x_wconf 83' lang='lat' dir='ltr'>incontrarinm</span> <span class='ocrx_word' id='word_1_352' title='bbox 1333 3955 1414 4022; x_wconf 91' lang='lat' dir='ltr'>iude</span> 
     </span>
     <span class='ocr_line' id='line_1_45' title="bbox 263 4032 1415 4115; baseline 0.009 -18"><span class='ocrx_word' id='word_1_353' title='bbox 263 4034 365 4111; x_wconf 84' lang='lat' dir='ltr'>factis,</span> <span class='ocrx_word' id='word_1_354' title='bbox 390 4032 491 4098; x_wconf 90' lang='lat' dir='ltr'>editis</span> <span class='ocrx_word' id='word_1_355' title='bbox 505 4034 573 4098; x_wconf 87' lang='lat' dir='ltr'>sive</span> <span class='ocrx_word' id='word_1_356' title='bbox 595 4034 760 4115; x_wconf 86' lang='lat' dir='ltr'>ordinatis,</span> <span class='ocrx_word' id='word_1_357' title='bbox 785 4037 1089 4103; x_wconf 80' lang='lat' dir='ltr'>nonobstantibus.</span> <span class='ocrx_word' id='word_1_358' title='bbox 1137 4040 1170 4103; x_wconf 94' lang='lat' dir='ltr'><strong>N</strong></span> <span class='ocrx_word' id='word_1_359' title='bbox 1174 4039 1297 4105; x_wconf 90' lang='lat' dir='ltr'>olentes</span> <span class='ocrx_word' id='word_1_360' title='bbox 1344 4043 1415 4107; x_wconf 93' lang='lat' dir='ltr'>uod</span> 
     </span>
     <span class='ocr_line' id='line_1_46' title="bbox 234 4065 1414 4207; baseline 0.007 -23"><span class='ocrx_word' id='word_1_361' title='bbox 234 4126 237 4133; x_wconf 87' lang='lat'>&#39;</span> <span class='ocrx_word' id='word_1_362' title='bbox 262 4120 414 4207; x_wconf 83' lang='lat' dir='ltr'>praedicti</span> <span class='ocrx_word' id='word_1_363' title='bbox 430 4120 613 4184; x_wconf 85' lang='lat' dir='ltr'>Praesidens</span> <span class='ocrx_word' id='word_1_364' title='bbox 638 4130 672 4185; x_wconf 89' lang='lat' dir='ltr'>et</span> <span class='ocrx_word' id='word_1_365' title='bbox 692 4121 861 4195; x_wconf 86' lang='lat' dir='ltr'>scholares,</span> <span class='ocrx_word' id='word_1_366' title='bbox 881 4123 935 4187; x_wconf 92' lang='lat' dir='ltr'>vel</span> <span class='ocrx_word' id='word_1_367' title='bbox 960 4147 1071 4187; x_wconf 90' lang='lat' dir='ltr'>eorum</span> <span class='ocrx_word' id='word_1_368' title='bbox 1097 4147 1303 4206; x_wconf 89' lang='lat' dir='ltr'>successores,</span> <span class='ocrx_word' id='word_1_369' title='bbox 1320 4065 1414 4192; x_wconf 56' lang='lat' dir='ltr'>irte-</span> 
     </span>
     <span class='ocr_line' id='line_1_47' title="bbox 262 4205 1414 4297; baseline 0.009 -28"><span class='ocrx_word' id='word_1_370' title='bbox 262 4206 372 4271; x_wconf 88' lang='lat' dir='ltr'>sidens</span> <span class='ocrx_word' id='word_1_371' title='bbox 387 4217 421 4271; x_wconf 91' lang='lat' dir='ltr'>et</span> <span class='ocrx_word' id='word_1_372' title='bbox 439 4205 598 4271; x_wconf 87' lang='lat' dir='ltr'>scholares</span> <span class='ocrx_word' id='word_1_373' title='bbox 621 4207 772 4292; x_wconf 69' lang='lat' dir='ltr'>praedicti</span> <span class='ocrx_word' id='word_1_374' title='bbox 787 4208 938 4295; x_wconf 67' lang='lat' dir='ltr'>collegii,</span> <span class='ocrx_word' id='word_1_375' title='bbox 956 4210 1014 4294; x_wconf 89' lang='lat' dir='ltr'>qui</span> <span class='ocrx_word' id='word_1_376' title='bbox 1028 4231 1088 4294; x_wconf 92' lang='lat' dir='ltr'>pro</span> <span class='ocrx_word' id='word_1_377' title='bbox 1107 4221 1254 4297; x_wconf 85' lang='lat' dir='ltr'>tempore</span> <span class='ocrx_word' id='word_1_378' title='bbox 1279 4213 1414 4290; x_wconf 88' lang='lat' dir='ltr'>fuerint,</span> 
     </span>
     <span class='ocr_line' id='line_1_48' title="bbox 263 4293 1416 4379; baseline 0.011 -27"><span class='ocrx_word' id='word_1_379' title='bbox 263 4301 322 4355; x_wconf 81' lang='lat' dir='ltr'>aut</span> <span class='ocrx_word' id='word_1_380' title='bbox 348 4314 544 4356; x_wconf 82' lang='lat' dir='ltr'>successores</span> <span class='ocrx_word' id='word_1_381' title='bbox 567 4293 629 4370; x_wconf 90' lang='lat' dir='ltr'>sui,</span> <span class='ocrx_word' id='word_1_382' title='bbox 655 4293 783 4357; x_wconf 87' lang='lat' dir='ltr'>ratione</span> <span class='ocrx_word' id='word_1_383' title='bbox 807 4316 865 4357; x_wconf 87' lang='lat' dir='ltr'>seu</span> <span class='ocrx_word' id='word_1_384' title='bbox 898 4295 1061 4357; x_wconf 86' lang='lat' dir='ltr'>occasione</span> <span class='ocrx_word' id='word_1_385' title='bbox 1084 4298 1332 4379; x_wconf 68' lang='lat' dir='ltr'>premissorum,</span> <span class='ocrx_word' id='word_1_386' title='bbox 1357 4304 1416 4365; x_wconf 90' lang='lat' dir='ltr'>vel</span> 
     </span>
     <span class='ocr_line' id='line_1_49' title="bbox 262 4376 1414 4468; baseline 0.012 -29"><span class='ocrx_word' id='word_1_387' title='bbox 262 4398 374 4439; x_wconf 89' lang='lat' dir='ltr'>eorum</span> <span class='ocrx_word' id='word_1_388' title='bbox 403 4376 551 4462; x_wconf 88' lang='lat' dir='ltr'>alicujus,</span> <span class='ocrx_word' id='word_1_389' title='bbox 579 4400 639 4462; x_wconf 87' lang='lat' dir='ltr'>per</span> <span class='ocrx_word' id='word_1_390' title='bbox 677 4401 743 4454; x_wconf 78' lang='lat' dir='ltr'>noc,</span> <span class='ocrx_word' id='word_1_391' title='bbox 775 4378 929 4453; x_wconf 73' lang='lat' dir='ltr'>haeredes,</span> <span class='ocrx_word' id='word_1_392' title='bbox 955 4402 1013 4443; x_wconf 93' lang='lat' dir='ltr'>sen</span> <span class='ocrx_word' id='word_1_393' title='bbox 1051 4400 1245 4447; x_wconf 89' lang='lat' dir='ltr'>successores</span> <span class='ocrx_word' id='word_1_394' title='bbox 1273 4397 1414 4468; x_wconf 86' lang='lat' dir='ltr'>nostros,</span> 
     </span>
    </p>
   </div>
   <div class='ocr_carea' id='block_1_3' title="bbox 0 0 1509 4700">
    <p class='ocr_par' dir='ltr' id='par_1_3' title="bbox 0 0 1509 4700">
     <span class='ocr_line' id='line_1_50' title="bbox 0 0 1509 4700; baseline 0 0"><span class='ocrx_word' id='word_1_395' title='bbox 0 0 1509 4700; x_wconf 95' lang='lat' dir='ltr'> </span> 
     </span>
    </p>
   </div>
  </div>
 </body>
</html>
