3000 4700
273 225 315 291 32
476 223 610 290 &otram
624 226 662 309 (ff
675 221 793 308 Corpus
811 222 929 287 Christi
946 221 1071 308 Collega,
1090 222 1219 307 Oaford.

272 387 436 454 contenti:
461 395 494 451 et
511 386 571 451 boc
591 387 823 450 committimus
845 387 972 449 sincero
989 393 1023 449 et
1048 408 1113 450 non
1130 392 1286 470 corrupto
1296 382 1426 468 judicio

272 475 498 545 Praesidentis,
512 472 809 558 Vicepraesidentis,
826 473 924 536 unius
936 471 1064 536 Decani
1079 475 1197 536 artium
1216 481 1251 536 et
1274 470 1426 534 Lectoris

273 559 497 639 humanitatis,
511 567 578 639 aut,
591 559 643 622 bis
653 558 935 637 dissentientibus,
949 557 1163 622 Praesidentis
1178 568 1212 622 ct
1221 557 1365 620 duorum
1382 575 1426 617 ex

274 649 388 712 dictis:
412 669 459 726 ac,
472 647 617 731 insuper,
632 644 803 708 dialectica
822 645 951 716 initiati,
967 653 1025 708 aut
1040 645 1111 730 apti
1129 644 1245 708 saltem
1262 651 1297 706 et
1312 641 1425 704 idonei

274 757 312 798 ac
327 731 503 798 admodum
523 732 630 818 parati
644 739 683 793 ut
698 731 740 794 ad
756 730 956 794 dialecticam
972 733 1092 801 statim,
1107 732 1168 794 nisi
1183 728 1341 795 faciendis
1353 748 1425 790 car·

273 820 417 883 minibus
440 826 473 882 et
500 815 730 902 componendis
744 816 892 902 epistolis
906 816 950 880 ad
968 824 1099 902 tempus
1114 818 1332 888 retineantur,
1347 835 1426 900 pro·

274 907 406 983 moveri,
419 911 452 968 et
465 904 499 967 in
512 902 689 989 disciplinis
703 901 896 966 liberalibus
905 901 1036 966 studere
1050 910 1085 966 et
1099 905 1267 987 prolicere,
1278 900 1423 964 valeant.

275 993 348 1056 Sint
371 998 539 1076 praeterea,
556 991 588 1052 in
612 1010 724 1052 eorum
740 989 846 1072 prima
863 988 905 1051 ad
924 989 1154 1073 discipulatum
1171 990 1203 1051 in
1219 997 1333 1052 nostro
1347 985 1425 1051 Col-

273 1078 364 1164 legio
389 1076 596 1154 admissione,
618 1074 804 1138 scholastici
820 1096 885 1137 non
906 1074 1069 1157 graduali,
1083 1078 1116 1138 in
1132 1076 1231 1161 plano
1245 1081 1348 1138 cantu
1363 1071 1425 1135 ali·

273 1164 470 1250 quantulum
485 1160 614 1234 eruditi,
630 1160 858 1224 duodecimum
874 1162 915 1222 ad
935 1162 1043 1224 minus
1063 1165 1265 1246 attingentes
1290 1181 1426 1232 annum,

274 1272 334 1313 nec
360 1269 482 1311 nonum
513 1247 674 1310 decimum
701 1247 899 1332 completum
924 1246 1136 1322 excedentes;
1166 1269 1232 1310 non
1259 1246 1427 1309 babentes

274 1335 508 1423 possessiones,
533 1333 688 1409 redditus,
712 1334 887 1417 pensiones
904 1340 962 1395 aut
988 1333 1053 1396 alia
1075 1346 1161 1396 certa
1183 1332 1311 1403 salaria,
1336 1331 1427 1394 ultra

275 1441 419 1485 annuum
432 1419 575 1483 valorem
587 1418 805 1501 quadraginta
819 1419 1014 1489 solidorum
1038 1440 1098 1482 nec
1115 1429 1276 1503 praeterea
1288 1415 1427 1502 aliquod

274 1505 543 1592 impedimentum
558 1505 747 1567 canonicum
770 1504 813 1568 ad
837 1503 984 1568 ordinem
1010 1504 1191 1582 sacerdotii,
1218 1514 1342 1589 praeter
1367 1501 1427 1565 de-

275 1593 396 1655 fectum
421 1591 539 1667 aetatis,
565 1591 738 1674 patientes.
784 1591 890 1677 Super
911 1592 1033 1673 quibus
1048 1592 1202 1654 omnibus
1217 1599 1251 1653 et
1275 1588 1425 1674 singulis,

275 1677 466 1762 eligentium
493 1676 705 1739 conscientias
727 1687 886 1758 quantum
911 1697 1086 1762 possumus
1109 1679 1299 1762 gravissime
1328 1684 1363 1738 et
1391 1676 1426 1736 in

276 1765 396 1827 virtute
406 1763 583 1847 juramenti
597 1782 776 1825 oneramus.
822 1761 981 1826 Volumus
1004 1785 1134 1848 quoque
1159 1778 1195 1827 ut
1218 1765 1250 1824 in
1273 1761 1428 1846 Collegio

112 1860 267 1932 sqperannu·
278 1858 389 1913 nostro
404 1851 436 1910 in
451 1847 647 1933 discipulatu
661 1849 886 1930 unusquisque
900 1870 1011 1912 eorum
1028 1850 1056 1911 si
1070 1849 1151 1912 uelit
1171 1856 1379 1935 permaneat,
1392 1857 1428 1909 et

113 1918 225 1965 ’ΨΜ
278 1936 426 1999 convictu
455 1956 491 1997 ac
515 1933 642 1996 caeteris
671 1955 729 2020 per
753 1957 814 1996 nos
840 1935 870 1997 ei
896 1935 1070 2019 assignatis
1094 1937 1232 2008 fruatur,
1255 1954 1427 2017 quousque

277 2023 465 2086 vicesimum
487 2027 636 2101 quartum
658 2042 726 2083 suae
752 2021 859 2082 astatis
884 2042 1007 2083 annum
1029 2022 1259 2106 compleverit;
1283 2021 1350 2083 nisi
1373 2018 1428 2082 rel

277 2109 404 2172 interea
425 2107 460 2168 in
481 2107 611 2171 Socium
638 2105 691 2168 vel
714 2105 892 2169 scholarem
912 2106 953 2169 ad
978 2106 1139 2170 biennium
1163 2107 1367 2194 probationis
1394 2107 1427 2167 in

277 2203 390 2257 nostro
407 2191 556 2276 Collegio
582 2192 705 2254 electus
728 2202 762 2254 et
785 2200 973 2274 assumptus
995 2192 1101 2264 fucrit,
1119 2195 1171 2256 vel
1188 2191 1427 2262 baereditatem,

277 2279 519 2365 patrimonium,
535 2275 677 2347 feodum,
694 2277 880 2361 pensionem
898 2277 940 2340 ad
956 2279 1131 2343 terminum
1147 2281 1234 2352 vitae,
1245 2289 1306 2342 aut
1322 2279 1427 2340 bene-

278 2368 385 2429 licium
400 2363 442 2426 ad
458 2384 601 2426 annuum
617 2363 760 2445 quinque
780 2384 961 2427 marcarum
975 2366 1128 2439 valorem,
1143 2366 1288 2452 adeptus
1304 2364 1409 2430 fuerit
1418 2390 1428 2442 ;

277 2447 456 2514 dummodo
481 2447 626 2511 moribus
650 2457 684 2512 et
706 2450 843 2512 scientia
868 2451 966 2535 juxta
990 2461 1117 2515 statuta
1139 2454 1300 2539 proficiat,
1326 2459 1362 2515 et
1388 2473 1430 2515 ea

278 2539 387 2598 omnia
402 2533 589 2597 inconcusse
599 2544 760 2619 quatenus
773 2544 923 2599 teneatur
933 2538 1084 2601 observet
1097 2563 1106 2614 3
1120 2541 1170 2601 sin
1179 2539 1300 2616 minus,
1310 2536 1429 2600 ordine

278 2624 310 2684 in
329 2621 452 2684 eisdem
467 2623 600 2683 statutis
615 2630 753 2699 servato,
769 2643 828 2705 per
851 2622 1087 2687 Praesidentem
1102 2636 1137 2688 et
1151 2635 1288 2688 caeteros
1305 2623 1429 2705 quibus

277 2710 311 2769 id
324 2708 410 2769 inira
429 2705 647 2769 commisimus
656 2719 812 2770 'arceatur
825 2715 860 2770 et
873 2710 1040 2793 puniatur,
1057 2720 1101 2788 et,
1118 2733 1192 2774 curn
1208 2712 1282 2797 ipsa
1296 2717 1429 2774 statuta

277 2794 313 2855 id
328 2792 493 2876 postulant
509 2804 540 2855 et
554 2793 756 2879 praecipiunt,
773 2794 872 2856 etiam
895 2802 933 2857 ut
952 2796 1093 2881 ignarus
1113 2797 1207 2861 fucus
1227 2796 1428 2882 expellatur.

280 2877 472 2961 Discipulue
495 2887 603 2941 autem
619 2880 675 2961 qui
696 2880 879 2942 vicesimum
897 2889 1049 2963 quartum
1074 2905 1143 2945 suae
1169 2884 1278 2946 aetatis
1304 2904 1428 2946 annum

279 2964 498 3052 compleverit,
520 2986 560 3027 eo
582 2965 655 3049 ipso
678 2987 698 3027 a
720 2973 834 3029 nostro
854 2964 1004 3052 Collegio
1019 2968 1053 3032 in
1068 2977 1265 3054 perpetuum
1280 2968 1430 3044 recedat,

279 3052 405 3115 nullum
419 3059 535 3136 postea
550 3051 803 3115 emolumentum
821 3052 862 3114 ab
881 3052 994 3116 eodem
1016 3064 1054 3118 ut
1078 3054 1258 3141 discipulus
1276 3054 1431 3141 ejusdem

280 3159 424 3221 unquam
440 3146 625 3223 recepturus
638 3161 646 3213 3
660 3136 725 3198 illis
735 3138 897 3200 duntaxat
906 3141 1059 3225 exceptis,
1073 3141 1140 3225 qui,
1158 3141 1236 3204 dum
1245 3141 1279 3203 in
1291 3163 1432 3205 numero

281 3224 518 3311 discipulorum
545 3223 648 3286 nostri
675 3222 815 3308 Collegii
845 3232 957 3309 agant,
973 3228 1013 3288 ad
1028 3226 1168 3310 gradum
1194 3226 1431 3311 Magistratus,

280 3312 405 3375 meritis
421 3311 535 3373 suiset
550 3309 682 3373 statutis
697 3309 844 3395 ejusdem
854 3312 1072 3395 exigentibus,
1088 3314 1229 3398 promoti
1241 3313 1293 3377 vel
1309 3314 1431 3380 saltem

281 3396 413 3459 admissi
436 3396 568 3459 fuerint.
614 3394 680 3457 Eos
706 3417 848 3479 namque
871 3397 905 3457 in
928 3418 967 3458 eo
990 3419 1068 3461 casu
1082 3400 1116 3461 in
1133 3422 1267 3463 numero
1283 3399 1432 3487 discipu·

282 3481 387 3543 lorum
401 3482 503 3544 nostri
526 3480 665 3565 Collegii
681 3502 883 3565 permanere,
898 3491 932 3546 et
949 3482 1103 3570 discipuli
1126 3485 1316 3565 commodis,
1336 3490 1433 3553 velut

282 3566 493 3650 prius,tantis
502 3587 561 3651 per
569 3567 976 3653 fruivolumus,quousque
987 3569 1150 3636 locainter
1161 3574 1271 3637 Socios
1280 3574 1433 3660 ejusdem

284 3650 425 3736 Collegii
448 3672 507 3737 pro
530 3651 578 3715 eis
599 3652 695 3736 juxta
718 3654 937 3737 provisionem
961 3677 1063 3743 supra
1086 3658 1205 3724 factam
1230 3665 1432 3737 vacaverint,

118 3768 195 3817 iffi,
204 3766 255 3813 dp,
282 3758 394 3800 eorum
410 3746 505 3837 aetate
519 3736 606 3801 nulla
619 3738 747 3802 ratione
768 3740 931 3805 obstante.
977 3742 1123 3820 Quorum
1143 3750 1265 3836 viginti
1287 3752 1433 3841 discipu-

118 3840 185 3875 cesa
195 3826 244 3872 ano
282 3822 397 3900 lorum,
414 3845 556 3909 qumque
571 3824 640 3888 nati
655 3826 720 3889 sint
741 3826 775 3889 in
790 3827 921 3892 dioecesi
943 3829 1166 3914 Wintouiensi,
1181 3837 1346 3918 videlicet,
1364 3844 1433 3908 duo

117 3886 235 3935 muntia.
282 3910 315 3973 in
331 3910 488 3975 comitatu
512 3910 685 3990 Surriensi,
710 3922 777 3977 tres
792 3914 827 3977 iu
847 3916 1005 3981 comitatu
1020 3920 1365 4007 Southamptoniensi3
1391 3930 1432 3994 de

281 3999 376 4081 cujus
401 4020 535 4061 numero
560 4000 702 4063 ternario
725 4002 785 4064 erit
803 4000 858 4065 ille
876 4002 931 4085 qui
955 4024 996 4066 ex
1013 4009 1249 4091 compositione
1273 4012 1431 4098 Magistri
1469 4036 1493 4052 ··

115 4106 205 4153 srost’s
219 4110 271 4155 m.
282 4082 445 4149 Willelmi
460 4085 576 4150 Froste
593 4088 656 4149 erit
670 4096 895 4171 presentatus,
912 4090 1061 4174 quamvis
1076 4093 1216 4159 fortasse
1233 4119 1298 4161 non
1312 4101 1378 4165 erit
1388 4102 1431 4168 de

114 4165 180 4213 dent.
281 4172 391 4235 eodem
410 4174 567 4235 comitatu
584 4179 700 4236 natus:
725 4194 832 4258 quern,
855 4177 938 4238 sicut
952 4175 995 4238 ob
1009 4178 1148 4259 patriam
1165 4203 1230 4244 non
1247 4184 1429 4270 abjicimus,

279 4256 327 4319 ita
341 4258 384 4319 ob
410 4268 541 4321 caeteras
556 4257 743 4342 qualitates,
761 4259 789 4321 si
802 4260 836 4321 in
861 4282 900 4322 eo
915 4258 1030 4331 desint,
1046 4284 1087 4325 ex
1111 4274 1286 4333 statuturo
1313 4275 1430 4341 uisitas

278 4342 496 4425 abjiciendum
511 4351 546 4406 et
562 4364 626 4407 non
641 4343 865 4428 recipiendum
920 4346 1009 4409 nitus
1021 4367 1198 4417 censemus.
1240 4292 1430 4425 Indioecesi

279 4426 493 4491 Dunelmensi
515 4450 611 4490 unus.
659 4428 698 4492 In
713 4429 850 4494 dioecesi
903 4429 1089 4498 athoniensi
1107 4436 1183 4502 duo.
1236 4440 1276 4505 In
1293 4444 1430 4512 dioecesi
