3000 4700
286 195 420 264 &aaa
433 202 472 284 eff
484 195 602 284 Corpus
619 197 737 266 Christi
756 197 883 284 Colleqe,
904 198 1033 284 Oafhrd
1196 198 1238 268 79

83 359 221 425 absente
247 361 359 426 Socius
384 363 527 426 maxime
550 362 667 434 senior,
690 371 862 427 extraneos
884 363 1155 448 supervenientes
1178 384 1238 449 pro

84 445 244 526 utilitate,
266 448 435 512 commodo
449 448 625 526 ethonore,
646 448 797 534 Collegii,
816 471 888 512 cum
900 449 1033 513 consilio
1046 449 1145 512 unius
1161 449 1237 512 Dis-

84 535 278 630 pensatoris,
304 535 510 610 invitaverit,
532 535 680 598 volumus
704 544 743 598 ut
762 534 909 598 invitatis
933 535 969 598 in
983 535 1060 598 aula
1083 534 1133 600 vel
1159 535 1239 598 alibi

84 627 174 681 intra
190 619 377 707 Collegium
391 619 682 693 discumbentibus
693 620 874 684 secundum
886 619 1112 685 discretionem
1122 619 1239 684 Praesi·

84 703 204 783 dentis,
225 720 284 771 aut
299 729 338 770 eo
362 707 495 771 absente
510 705 806 792 Vicepraesidentis,
821 719 853 768 et
869 707 967 771 unius
982 707 1238 793 Dispensatoris,
1408 789 1409 792 Ἴ

84 792 267 856 secundum
282 815 394 856 eorum
408 802 530 856 statum
544 803 578 857 et
594 792 736 878 gradum
750 791 1095 878 debiteprovideatur.
1131 792 1181 857 Et
1196 815 1237 857 ne
1249 805 1378 852 commone
1470 833 1475 844 ·

82 881 276 942 communiae
297 877 506 942 Praesidentis
530 890 588 942 aut
611 878 748 942 aliorum
768 900 828 964 per
852 878 935 940 tales
958 877 1114 942 invitatos
1137 879 1235 941 nimis
1247 864 1287 969 {2}
1296 869 1391 922 ’Μ’

0 1032 4 1061 Ι
83 974 272 1029 onerentur.
290 963 441 1027 volumus
454 965 539 1048 quod
556 987 615 1050 pro
631 964 781 1046 qualibet
803 985 942 1049 persona
962 963 1007 1026 sic
1031 963 1170 1027 invitata
1194 964 1237 1028 ad
1288 954 1294 969 ⁸

82 1049 244 1112 ferculum
263 1049 470 1114 Praesidentis
487 1051 539 1114 vel
554 1074 593 1114 eo
619 1051 754 1113 absente
772 1047 1055 1134 Vicepraesidentis
1070 1049 1104 1112 in
1119 1071 1237 1134 magna

83 1134 163 1197 aula
176 1135 321 1200 sedentis
344 1136 482 1222 singulis
498 1137 624 1200 vicibus
635 1145 778 1220 quatuor
793 1134 929 1217 denarii,
946 1133 990 1198 ad
1004 1135 1161 1198 ferculum
1177 1143 1237 1198 aut

82 1241 229 1284 mensam
244 1222 408 1285 Sociorum
420 1232 487 1286 tres
497 1223 632 1295 denarii,
643 1219 684 1284 ad
695 1243 839 1285 mensam
848 1220 1080 1306 discipulorum
1089 1231 1123 1285 et
1132 1221 1235 1284 famu·

81 1306 191 1370 lorum
206 1308 273 1372 duo
288 1307 426 1373 denarii.
439 1330 501 1394 pro
513 1308 662 1392 qualibet
676 1307 852 1371 refectione
862 1305 1004 1370 debonis
1014 1305 1154 1392 Collegii
1207 1328 1236 1369 r·

81 1393 266 1458 solvantur.
315 1394 373 1456 Sin
383 1395 499 1458 ‘autem
518 1395 601 1458 alibi
614 1415 712 1477 quam
737 1394 771 1456 in
794 1414 914 1477 magna
938 1392 1016 1455 aula
1031 1414 1106 1456 eum
1125 1329 1236 1471 radeire

81 1480 266 1563 contigerit,
283 1489 363 1543 tunc
378 1480 552 1544 secundum
567 1479 794 1543 discretionem
813 1477 1020 1542 Praesidentis
1038 1489 1096 1542 aut
1116 1500 1156 1542 eo
1177 1479 1235 1541 ab·

0 1642 1 1646 ¹
81 1576 173 1628 sente
185 1564 482 1650 Vicepraesidentis‚
494 1575 528 1630 et
539 1582 677 1648 utroque
689 1566 823 1628 absente
835 1564 920 1627 Socii
935 1562 1077 1626 maxime
1089 1564 1234 1641 senioris,

83 1651 182 1714 unius
193 1652 461 1715 Decanietunius
469 1651 966 1738 Dispensatoris,citraluxumet
974 1650 1235 1734 superfluitatem

80 1737 297 1822 provideatur
312 1737 445 1801 eisdem.
493 1738 633 1814 Proviso,
651 1737 795 1800 utnulla
813 1759 948 1821 persona
963 1736 1068 1799 nostri
1082 1735 1233 1822 Collegii,

81 1833 204 1908 praeter
220 1823 466 1900 l’raesidentem,
483 1823 626 1907 aliquam
643 1822 808 1886 faeminam
831 1823 866 1884 in
888 1828 959 1906 ejus
973 1822 1159 1886 cubiculum
1176 1819 1234 1884 ad·
1246 1833 1387 1881 tummim

82 1909 206 1977 mittat,
219 1919 337 1994 praetcr
350 1931 443 1973 suam
458 1919 595 1973 matrem
610 1918 668 1973 aut
683 1930 833 1984 sororem,
847 1915 880 1970 et
890 1927 1002 1970 earum
1014 1929 1073 1991 pro
1087 1917 1234 1991 ternpore
1244 1893 1275 1938 ⁰f
1284 1893 1393 1940 f⁶¹²¹⁸¹⁰⁸·

81 1994 223 2060 famulas
233 1996 333 2058 alicui
341 2018 453 2060 earum
467 2005 545 2059 tunc
555 1995 677 2058 ibidem
687 1994 902 2057 inservientes
914 2017 921 2064 ;
937 1993 1001 2055 sub
1010 2013 1107 2077 poena
1121 1992 1233 2078 priva-

82 2081 183 2144 tionis
198 2081 366 2145 convictus
378 2104 437 2167 per
451 2103 596 2146 mensem
611 2091 689 2144 tuno
698 2079 848 2165 proxime
861 2087 1050 2162 sequentem
1058 2099 1119 2163 pro
1129 2078 1233 2163 prima

0 2242 1 2247 η
82 2167 165 2245 vice,
178 2190 240 2253 pro
254 2166 399 2231 secunda
410 2188 469 2254 per
484 2167 575 2243 duos,
586 2189 646 2252 pro
660 2165 758 2230 tertia
772 2187 832 2251 per
846 2173 910 2226 tres
922 2187 931 2240 ;
946 2173 980 2226 et
995 2172 1109 2246 quarto
1124 2163 1158 2225 in
1174 2162 1232 2226 hoc

82 2252 278 2338 delinquens
288 2254 358 2337 ipso
369 2253 454 2317 facto
464 2276 484 2316 a
495 2253 636 2340 collegio
647 2253 681 2316 in
691 2261 888 2337 perpetuum
902 2249 946 2313 sit
959 2248 1118 2312 exclusus.
1159 2248 1231 2312 Nec

80 2339 149 2417 has,
168 2350 290 2419 tamen,
302 2340 373 2404 sine
387 2363 499 2404 eorum
513 2338 646 2404 licentia
659 2337 751 2425 prius
767 2338 910 2401 obtenta.
957 2335 1020 2399 Pro
1032 2335 1104 2399 aliis
1117 2345 1229 2399 autern

80 2426 221 2490 faminis
237 2428 338 2492 etiam
353 2427 521 2492 licentiam
540 2425 614 2489 dari
627 2424 848 2511 prohibemus,
863 2430 1007 2485 cessante
1024 2444 1121 2486 carisa
1140 2422 1227 2485 infir·
1243 2446 1245 2453 ’

80 2513 208 2577 mitatis
233 2513 325 2597 prius
348 2536 411 2598 per
434 2512 538 2577 dictos
561 2510 782 2598 approbanda.
834 2506 1016 2594 Adjicimus
1039 2530 1166 2594 quoque
1191 2515 1226 2571 ut
1242 2528 1369 2588 suangsrs

83 2599 199 2663 nullus
221 2609 406 2675 extraneus,
422 2605 642 2685 cujuscunque
688 2596 789 2659 radus
804 2604 863 2658 aut
878 2593 1071 2658 conditionis
1097 2594 1227 2671 existat,
1241 2592 1321 2691 qqsttq
1353 2653 1365 2693 t

81 2686 174 2750 intra
190 2696 338 2749 nostrum
354 2684 539 2771 Collegium
555 2694 652 2748 noctu
664 2621 860 2766 bospitetur,
876 2681 974 2744 cubet
989 2690 1048 2746 aut
1087 2688 1229 2744 ernoctet
1241 2660 1382 2754 affligos.

80 2771 148 2834 illis
163 2770 328 2835 duntaxat
342 2771 486 2858 exceptis
502 2771 559 2855 qui
581 2768 757 2852 aliquando
780 2767 884 2831 nostri
902 2765 1045 2853 collegii
1119 2765 1143 2829 ii
1157 2766 1228 2829 fue·
1242 2763 1303 2823 ¹⁰80·

79 2868 161 2921 runt
172 2867 232 2921 aut
243 2857 397 2945 discipuli
408 2857 524 2944 jurati,
535 2865 569 2920 et
583 2856 625 2919 ab
634 2878 674 2918 eo
688 2877 729 2919 ex
739 2853 844 2917 causis
856 2852 1000 2916 honestis
1016 2863 1227 2918 recesserunt.

0 2993 6 3006 ,
79 2943 190 3022 Tales,
205 2966 279 3007 cum
295 2966 362 3008 uno
376 2965 489 3006 eorum
506 2942 669 3006 serviente
689 2940 835 3017 honest0,
851 2960 925 3001 cum
939 2937 1096 3001 facultate
1115 2937 1228 3000 Proesi-

81 3028 192 3095 dentis
216 3040 276 3093 aut
306 3053 345 3094 eo
371 3031 504 3093 absente
533 3028 612 3091 Vice
638 3024 830 3101 residentis,
858 3045 895 3086 ac
923 3032 1066 3106 utroque
1095 3023 1230 3086 absente

79 3136 194 3179 eorum
209 3114 373 3201 deputati,
388 3114 526 3180 honesto
544 3050 641 3178 modi)
655 3112 758 3197 recipi
823 3109 1011 3186 mittimus,
1027 3116 1060 3170 et
1080 3106 1229 3172 triduum

80 3201 248 3266 duntaxat
261 3201 296 3265 in
309 3200 422 3265 eodem
431 3223 541 3264 mense
557 3200 591 3263 in
606 3208 717 3261 nostro
731 3197 781 3261 Co
795 3195 883 3280 legio
891 3201 1088 3279 pernoctare.
1114 3193 1229 3277 Siquis

79 3310 158 3352 vero
174 3287 279 3352 nostri
294 3287 446 3373 collegii,
456 3296 568 3350 contra
582 3285 719 3349 formam
732 3282 831 3366 hujus
847 3279 978 3355 statuti,
990 3280 1139 3362 quamvis
1150 3300 1229 3428 (qar-

78 3396 194 3451 sonam
209 3372 254 3437 ad
276 3371 509 3437 comedendum
523 3381 583 3436 aut
606 3366 862 3457 pernoctandum
882 3365 968 3427 intra
988 3373 1135 3428 nostrum
1179 3364 1229 3427 ol-

77 3459 206 3546 legium
229 3458 410 3536 admiserit,
423 3482 485 3523 seu
498 3456 691 3521 comestioni
711 3464 770 3518 aut
790 3450 1027 3538 pernoctationi
1041 3449 1230 3535 hujusmodi

1 3598 14 3625 ,
77 3568 214 3611 causam
229 3557 288 3610 aut
308 3545 507 3610 occasionem
530 3542 670 3620 dederit,
687 3541 795 3627 prima
818 3537 887 3602 vice
911 3559 971 3622 per
997 3537 1227 3622 septimanam,

76 3631 223 3697 secunda
249 3654 309 3717 per
331 3630 539 3715 quindenam,
556 3628 656 3693 tertia
669 3648 731 3715 per
745 3646 900 3705 mensem,
917 3622 1066 3689 convictu
1080 3622 1230 3709 privetur

77 3719 151 3805 ipso
172 3718 267 3783 facto.
314 3719 360 3782 Et
374 3717 404 3781 si
418 3726 531 3802 postea
546 3716 581 3778 in
597 3737 637 3779 ea
658 3737 694 3778 re
710 3724 930 3797 transgressor
944 3710 1100 3773 iuventus
1116 3708 1228 3784 fuerit,

76 3827 176 3891 poena
191 3805 263 3889 ipsa
277 3814 335 3868 aut
350 3804 416 3867 alia
430 3802 559 3889 gravior
571 3811 685 3865 contra
699 3800 810 3885 ipsum
824 3796 936 3860 debite
951 3806 1160 3881 aggravetur,
1177 3818 1227 3859 se-

0 3897 2 3902 ’
75 3891 223 3955 cundum
235 3889 413 3954 arbitrium
424 3887 644 3958 Praesidentis
655 3896 714 3951 aut
729 3908 768 3949 eo
784 3884 917 3947 absente
933 3880 1227 3969 Vicepraesidentis‚

77 3979 178 4041 unius
195 3976 318 4041 Decani
340 3975 488 4040 etunius
513 3972 761 4056 Dispensatoris.
808 3967 1039 4031 Praesidentem
1057 3978 1175 4044 autem,
1192 3966 1227 4028 in

77 4066 206 4129 virtute
226 4061 414 4149 juramenti,
430 4059 473 4124 ad
498 4058 737 4123 observantiam
763 4056 864 4142 hujus
887 4052 1007 4116 statuti
1029 4052 1064 4115 in
1078 4051 1227 4114 omnibus

5 4200 16 4217 ,
77 4150 161 4215 adeo
184 4148 344 4234 adstringi
358 4146 520 4223 volumus,
544 4144 752 4209 decernimus
775 4150 810 4205 et
833 4138 1046 4236 declaramus,
1063 4145 1101 4235 ut
1122 4158 1226 4219 neque

75 4238 87 4301 i
130 4237 197 4301 ein
213 4235 339 4300 virtute
349 4232 528 4321 juramenti
537 4232 681 4312 aliquem
692 4238 896 4293 extraneum,
907 4224 1035 4288 etianrsr
1050 4222 1228 4304 ahquando

76 4261 191 4388 §deins
206 4322 272 4386 fuit
293 4331 355 4385 aut
377 4318 581 4392 domesticus,
597 4316 641 4381 ad
655 4311 891 4400 hospitandum
906 4308 960 4375 vel
974 4306 1227 4394 pernoctandum
1332 4324 1334 4327 ·

73 4411 111 4476 in
122 4408 275 4494 Collegio
290 4403 547 4498 contraformam
561 4402 751 4488 prodictam
766 4397 910 4467 inducat,
922 4416 981 4459 nec
992 4395 1092 4460 etiam
1107 4394 1150 4460 ab
1163 4394 1227 4459 alio
