<?xml version="1.0" encoding="UTF-8"?>
<!DOCTYPE html PUBLIC "-//W3C//DTD XHTML 1.0 Transitional//EN"
    "http://www.w3.org/TR/xhtml1/DTD/xhtml1-transitional.dtd">
<html xmlns="http://www.w3.org/1999/xhtml" xml:lang="en" lang="en">
 <head>
  <title>
</title>
<meta http-equiv="Content-Type" content="text/html;charset=utf-8" />
  <meta name='ocr-system' content='tesseract 3.04.00' />
  <meta name='ocr-capabilities' content='ocr_page ocr_carea ocr_par ocr_line ocrx_word'/>
</head>
<body>
  <div class='ocr_page' id='page_1' title='image "./statutescollege02oxfogoog_0044.png"; bbox 0 0 3000 4700; ppageno 0'>
   <div class='ocr_carea' id='block_1_1' title="bbox 298 217 1244 308">
    <p class='ocr_par' dir='ltr' id='par_1_1' title="bbox 298 217 1244 308">
     <span class='ocr_line' id='line_1_1' title="bbox 298 217 1244 308; baseline -0.002 -22"><span class='ocrx_word' id='word_1_1' title='bbox 298 217 434 286; x_wconf 69' lang='lat' dir='ltr'><strong>smera</strong></span> <span class='ocrx_word' id='word_1_2' title='bbox 447 219 617 304; x_wconf 55' lang='lat' dir='ltr'><strong>corpu</strong></span> <span class='ocrx_word' id='word_1_3' title='bbox 634 218 753 284; x_wconf 70' lang='lat' dir='ltr'><strong>crass</strong></span> <span class='ocrx_word' id='word_1_4' title='bbox 770 218 894 305; x_wconf 56' lang='lat' dir='ltr'><strong>eoum</strong></span> <span class='ocrx_word' id='word_1_5' title='bbox 914 222 1044 308; x_wconf 64' lang='lat' dir='ltr'><strong>essm</strong></span> <span class='ocrx_word' id='word_1_6' title='bbox 1204 220 1244 284; x_wconf 85' lang='lat' dir='ltr'><strong>rs</strong></span> 
     </span>
    </p>
   </div>
   <div class='ocr_carea' id='block_1_2' title="bbox 2 379 1244 4174">
    <p class='ocr_par' dir='ltr' id='par_1_2' title="bbox 2 379 1244 4174">
     <span class='ocr_line' id='line_1_2' title="bbox 90 379 1242 469; baseline 0.003 -25"><span class='ocrx_word' id='word_1_7' title='bbox 90 380 251 452; x_wconf 82' lang='lat' dir='ltr'><strong>volumus,</strong></span> <span class='ocrx_word' id='word_1_8' title='bbox 268 389 305 446; x_wconf 86' lang='lat' dir='ltr'><strong>ut</strong></span> <span class='ocrx_word' id='word_1_9' title='bbox 320 379 363 444; x_wconf 87' lang='lat' dir='ltr'><strong>ad</strong></span> <span class='ocrx_word' id='word_1_10' title='bbox 380 380 561 467; x_wconf 79' lang='lat' dir='ltr'><strong>plenariam</strong></span> <span class='ocrx_word' id='word_1_11' title='bbox 586 381 825 467; x_wconf 74' lang='lat' dir='ltr'><strong>suppletionem</strong></span> <span class='ocrx_word' id='word_1_12' title='bbox 847 383 1036 469; x_wconf 89' lang='lat' dir='ltr'><strong>hujusmodi</strong></span> <span class='ocrx_word' id='word_1_13' title='bbox 1051 383 1242 449; x_wconf 82' lang='lat' dir='ltr'><strong>dioeeerium</strong></span> 
     </span>
     <span class='ocr_line' id='line_1_3' title="bbox 90 467 1243 556; baseline 0.005 -26"><span class='ocrx_word' id='word_1_14' title='bbox 90 477 127 532; x_wconf 86' lang='lat' dir='ltr'><strong>et</strong></span> <span class='ocrx_word' id='word_1_15' title='bbox 143 467 361 531; x_wconf 71' lang='lat' dir='ltr'><strong>comitatuum</strong></span> <span class='ocrx_word' id='word_1_16' title='bbox 385 467 612 551; x_wconf 84' lang='lat' dir='ltr'><strong>praedictorum</strong></span> <span class='ocrx_word' id='word_1_17' title='bbox 634 471 667 534; x_wconf 94' lang='lat' dir='ltr'><strong>in</strong></span> <span class='ocrx_word' id='word_1_18' title='bbox 691 477 804 534; x_wconf 89' lang='lat' dir='ltr'><strong>nostro</strong></span> <span class='ocrx_word' id='word_1_19' title='bbox 820 470 968 556; x_wconf 85' lang='lat' dir='ltr'><strong>Collegio</strong></span> <span class='ocrx_word' id='word_1_20' title='bbox 990 472 1185 542; x_wconf 84' lang='lat' dir='ltr'><strong>vacantium,</strong></span> <span class='ocrx_word' id='word_1_21' title='bbox 1200 473 1243 536; x_wconf 88' lang='lat' dir='ltr'><strong>dc</strong></span> 
     </span>
     <span class='ocr_line' id='line_1_4' title="bbox 90 552 1243 642; baseline 0.006 -27"><span class='ocrx_word' id='word_1_22' title='bbox 90 553 214 638; x_wconf 87' lang='lat' dir='ltr'><strong>quibus</strong></span> <span class='ocrx_word' id='word_1_23' title='bbox 230 555 263 616; x_wconf 92' lang='lat' dir='ltr'><strong>in</strong></span> <span class='ocrx_word' id='word_1_24' title='bbox 278 552 503 618; x_wconf 84' lang='lat' dir='ltr'><strong>Universitate</strong></span> <span class='ocrx_word' id='word_1_25' title='bbox 513 554 697 620; x_wconf 84' lang='lat' dir='ltr'><strong>Oxouieusi</strong></span> <span class='ocrx_word' id='word_1_26' title='bbox 709 576 773 620; x_wconf 91' lang='lat' dir='ltr'><strong>non</strong></span> <span class='ocrx_word' id='word_1_27' title='bbox 787 557 994 640; x_wconf 74' lang='lat' dir='ltr'><strong>reperiantur</strong></span> <span class='ocrx_word' id='word_1_28' title='bbox 1005 566 1149 642; x_wconf 88' lang='lat' dir='ltr'><strong>tempore</strong></span> <span class='ocrx_word' id='word_1_29' title='bbox 1161 557 1243 622; x_wconf 88' lang='lat' dir='ltr'><strong>elec·</strong></span> 
     </span>
     <span class='ocr_line' id='line_1_5' title="bbox 92 640 1244 729; baseline 0.004 -25"><span class='ocrx_word' id='word_1_30' title='bbox 92 641 193 704; x_wconf 91' lang='lat' dir='ltr'><strong>tionis</strong></span> <span class='ocrx_word' id='word_1_31' title='bbox 209 640 427 709; x_wconf 86' lang='lat' dir='ltr'><strong>Baccalaurei,</strong></span> <span class='ocrx_word' id='word_1_32' title='bbox 445 649 483 705; x_wconf 88' lang='lat' dir='ltr'><strong>ut</strong></span> <span class='ocrx_word' id='word_1_33' title='bbox 499 640 680 724; x_wconf 78' lang='lat' dir='ltr'><strong>praelertur,</strong></span> <span class='ocrx_word' id='word_1_34' title='bbox 691 641 811 713; x_wconf 91' lang='lat' dir='ltr'><strong>idonei,</strong></span> <span class='ocrx_word' id='word_1_35' title='bbox 824 641 988 729; x_wconf 77' lang='lat' dir='ltr'><strong>eligantur</strong></span> <span class='ocrx_word' id='word_1_36' title='bbox 1003 643 1045 708; x_wconf 92' lang='lat' dir='ltr'><strong>de</strong></span> <span class='ocrx_word' id='word_1_37' title='bbox 1105 643 1244 709; x_wconf 86' lang='lat' dir='ltr'><strong>tioribus</strong></span> 
     </span>
     <span class='ocr_line' id='line_1_6' title="bbox 91 665 1243 816; baseline 0.005 -28"><span class='ocrx_word' id='word_1_38' title='bbox 91 733 127 788; x_wconf 94' lang='lat' dir='ltr'><strong>et</strong></span> <span class='ocrx_word' id='word_1_39' title='bbox 147 725 348 790; x_wconf 75' lang='lat' dir='ltr'><strong>doctioribus</strong></span> <span class='ocrx_word' id='word_1_40' title='bbox 372 726 572 790; x_wconf 74' lang='lat' dir='ltr'><strong>scholasticis</strong></span> <span class='ocrx_word' id='word_1_41' title='bbox 595 727 760 792; x_wconf 81' lang='lat' dir='ltr'><strong>facultatis</strong></span> <span class='ocrx_word' id='word_1_42' title='bbox 782 730 913 807; x_wconf 89' lang='lat' dir='ltr'><strong>artium,</strong></span> <span class='ocrx_word' id='word_1_43' title='bbox 928 751 993 793; x_wconf 92' lang='lat' dir='ltr'><strong>non</strong></span> <span class='ocrx_word' id='word_1_44' title='bbox 1013 665 1193 816; x_wconf 61' lang='lat' dir='ltr'><strong>graduum,</strong></span> <span class='ocrx_word' id='word_1_45' title='bbox 1208 731 1243 794; x_wconf 82' lang='lat' dir='ltr'><strong>in</strong></span> 
     </span>
     <span class='ocr_line' id='line_1_7' title="bbox 92 810 1242 898; baseline 0.005 -24"><span class='ocrx_word' id='word_1_46' title='bbox 92 811 181 876; x_wconf 87' lang='lat' dir='ltr'><strong>dicta</strong></span> <span class='ocrx_word' id='word_1_47' title='bbox 198 810 426 878; x_wconf 79' lang='lat' dir='ltr'><strong>Universitate</strong></span> <span class='ocrx_word' id='word_1_48' title='bbox 442 811 664 882; x_wconf 80' lang='lat' dir='ltr'><strong>studentibus,</strong></span> <span class='ocrx_word' id='word_1_49' title='bbox 679 815 736 898; x_wconf 87' lang='lat' dir='ltr'><strong>qui</strong></span> <span class='ocrx_word' id='word_1_50' title='bbox 752 814 786 877; x_wconf 91' lang='lat' dir='ltr'><strong>in</strong></span> <span class='ocrx_word' id='word_1_51' title='bbox 802 814 865 876; x_wconf 90' lang='lat' dir='ltr'><strong>illis</strong></span> <span class='ocrx_word' id='word_1_52' title='bbox 878 813 1078 880; x_wconf 83' lang='lat' dir='ltr'><strong>dioeeesibus</strong></span> <span class='ocrx_word' id='word_1_53' title='bbox 1092 824 1127 880; x_wconf 90' lang='lat' dir='ltr'><strong>et</strong></span> <span class='ocrx_word' id='word_1_54' title='bbox 1142 817 1242 881; x_wconf 91' lang='lat' dir='ltr'><strong>comi-</strong></span> 
     </span>
     <span class='ocr_line' id='line_1_8' title="bbox 93 898 1244 988; baseline 0.005 -28"><span class='ocrx_word' id='word_1_55' title='bbox 93 899 221 962; x_wconf 88' lang='lat' dir='ltr'><strong>tatibus</strong></span> <span class='ocrx_word' id='word_1_56' title='bbox 238 900 427 964; x_wconf 79' lang='lat' dir='ltr'><strong>vacantibus</strong></span> <span class='ocrx_word' id='word_1_57' title='bbox 450 900 519 963; x_wconf 87' lang='lat' dir='ltr'><strong>nati</strong></span> <span class='ocrx_word' id='word_1_58' title='bbox 533 898 666 971; x_wconf 86' lang='lat' dir='ltr'><strong>fuerint,</strong></span> <span class='ocrx_word' id='word_1_59' title='bbox 706 900 741 963; x_wconf 90' lang='lat' dir='ltr'><strong>ui</strong></span> <span class='ocrx_word' id='word_1_60' title='bbox 757 899 896 985; x_wconf 81' lang='lat' dir='ltr'><strong>amplius</strong></span> <span class='ocrx_word' id='word_1_61' title='bbox 914 902 1048 966; x_wconf 86' lang='lat' dir='ltr'><strong>biennio</strong></span> <span class='ocrx_word' id='word_1_62' title='bbox 1071 910 1130 967; x_wconf 90' lang='lat' dir='ltr'><strong>aut</strong></span> <span class='ocrx_word' id='word_1_63' title='bbox 1144 902 1244 988; x_wconf 86' lang='lat' dir='ltr'><strong>paulo</strong></span> 
     </span>
     <span class='ocr_line' id='line_1_9' title="bbox 92 983 1242 1070; baseline 0.005 -24"><span class='ocrx_word' id='word_1_64' title='bbox 92 986 200 1048; x_wconf 92' lang='lat' dir='ltr'><strong>minus</strong></span> <span class='ocrx_word' id='word_1_65' title='bbox 214 983 384 1070; x_wconf 86' lang='lat' dir='ltr'><strong>sophistiae</strong></span> <span class='ocrx_word' id='word_1_66' title='bbox 398 992 432 1049; x_wconf 91' lang='lat' dir='ltr'><strong>et</strong></span> <span class='ocrx_word' id='word_1_67' title='bbox 445 984 622 1050; x_wconf 71' lang='lat' dir='ltr'><strong>dialectice</strong></span> <span class='ocrx_word' id='word_1_68' title='bbox 636 987 670 1050; x_wconf 92' lang='lat' dir='ltr'><strong>iu</strong></span> <span class='ocrx_word' id='word_1_69' title='bbox 720 986 909 1050; x_wconf 88' lang='lat' dir='ltr'><strong>niversitate</strong></span> <span class='ocrx_word' id='word_1_70' title='bbox 929 987 1067 1053; x_wconf 83' lang='lat' dir='ltr'><strong>Oxouiae</strong></span> <span class='ocrx_word' id='word_1_71' title='bbox 1085 987 1242 1053; x_wconf 89' lang='lat' dir='ltr'><strong>incubus·</strong></span> 
     </span>
     <span class='ocr_line' id='line_1_10' title="bbox 91 1071 1243 1157; baseline 0.005 -25"><span class='ocrx_word' id='word_1_72' title='bbox 91 1079 181 1141; x_wconf 89' lang='lat' dir='ltr'><strong>runt,</strong></span> <span class='ocrx_word' id='word_1_73' title='bbox 206 1079 240 1135; x_wconf 90' lang='lat' dir='ltr'><strong>et</strong></span> <span class='ocrx_word' id='word_1_74' title='bbox 268 1072 307 1134; x_wconf 80' lang='lat' dir='ltr'><strong>au</strong></span> <span class='ocrx_word' id='word_1_75' title='bbox 337 1071 477 1156; x_wconf 84' lang='lat' dir='ltr'><strong>gradum</strong></span> <span class='ocrx_word' id='word_1_76' title='bbox 501 1071 776 1136; x_wconf 86' lang='lat' dir='ltr'><strong>Baccaleureatus</strong></span> <span class='ocrx_word' id='word_1_77' title='bbox 800 1071 1042 1157; x_wconf 85' lang='lat' dir='ltr'><strong>suscipiendum</strong></span> <span class='ocrx_word' id='word_1_78' title='bbox 1062 1072 1243 1138; x_wconf 86' lang='lat' dir='ltr'><strong>creduntur</strong></span> 
     </span>
     <span class='ocr_line' id='line_1_11' title="bbox 91 1156 1243 1243; baseline 0.003 -23"><span class='ocrx_word' id='word_1_79' title='bbox 91 1156 181 1221; x_wconf 87' lang='lat' dir='ltr'><strong>intra</strong></span> <span class='ocrx_word' id='word_1_80' title='bbox 204 1178 326 1220; x_wconf 89' lang='lat' dir='ltr'><strong>annum</strong></span> <span class='ocrx_word' id='word_1_81' title='bbox 351 1157 405 1220; x_wconf 86' lang='lat' dir='ltr'><strong>vel</strong></span> <span class='ocrx_word' id='word_1_82' title='bbox 430 1157 532 1243; x_wconf 89' lang='lat' dir='ltr'><strong>paulo</strong></span> <span class='ocrx_word' id='word_1_83' title='bbox 556 1156 697 1242; x_wconf 90' lang='lat' dir='ltr'><strong>amplius</strong></span> <span class='ocrx_word' id='word_1_84' title='bbox 711 1157 781 1222; x_wconf 82' lang='lat' dir='ltr'><strong>fore</strong></span> <span class='ocrx_word' id='word_1_85' title='bbox 806 1158 887 1222; x_wconf 86' lang='lat' dir='ltr'><strong>satis</strong></span> <span class='ocrx_word' id='word_1_86' title='bbox 913 1158 1002 1223; x_wconf 90' lang='lat' dir='ltr'><strong>docti</strong></span> <span class='ocrx_word' id='word_1_87' title='bbox 1024 1168 1057 1223; x_wconf 88' lang='lat' dir='ltr'><strong>et</strong></span> <span class='ocrx_word' id='word_1_88' title='bbox 1080 1159 1191 1224; x_wconf 91' lang='lat' dir='ltr'><strong>idonei</strong></span> <span class='ocrx_word' id='word_1_89' title='bbox 1206 1181 1243 1224; x_wconf 86' lang='lat' dir='ltr'><strong>nc</strong></span> 
     </span>
     <span class='ocr_line' id='line_1_12' title="bbox 89 1241 1241 1328; baseline 0.003 -22"><span class='ocrx_word' id='word_1_90' title='bbox 89 1242 192 1306; x_wconf 86' lang='lat' dir='ltr'><strong>etiam</strong></span> <span class='ocrx_word' id='word_1_91' title='bbox 219 1244 334 1328; x_wconf 84' lang='lat' dir='ltr'><strong>parati.</strong></span> <span class='ocrx_word' id='word_1_92' title='bbox 358 1242 455 1307; x_wconf 91' lang='lat' dir='ltr'><strong>modo</strong></span> <span class='ocrx_word' id='word_1_93' title='bbox 479 1243 666 1308; x_wconf 84' lang='lat' dir='ltr'><strong>vicesimum</strong></span> <span class='ocrx_word' id='word_1_94' title='bbox 689 1241 869 1308; x_wconf 87' lang='lat' dir='ltr'><strong>seeundum</strong></span> <span class='ocrx_word' id='word_1_95' title='bbox 893 1266 960 1309; x_wconf 78' lang='lat' dir='ltr'><strong>suae</strong></span> <span class='ocrx_word' id='word_1_96' title='bbox 986 1245 1092 1309; x_wconf 79' lang='lat' dir='ltr'><strong>aetatis</strong></span> <span class='ocrx_word' id='word_1_97' title='bbox 1118 1268 1241 1310; x_wconf 85' lang='lat' dir='ltr'><strong>annum</strong></span> 
     </span>
     <span class='ocr_line' id='line_1_13' title="bbox 92 1327 1242 1417; baseline 0.003 -25"><span class='ocrx_word' id='word_1_98' title='bbox 92 1351 156 1392; x_wconf 89' lang='lat' dir='ltr'><strong>non</strong></span> <span class='ocrx_word' id='word_1_99' title='bbox 177 1328 349 1392; x_wconf 87' lang='lat' dir='ltr'><strong>excedant.</strong></span> <span class='ocrx_word' id='word_1_100' title='bbox 396 1327 493 1407; x_wconf 88' lang='lat' dir='ltr'><strong>Quod</strong></span> <span class='ocrx_word' id='word_1_101' title='bbox 517 1329 546 1392; x_wconf 88' lang='lat' dir='ltr'><strong>si</strong></span> <span class='ocrx_word' id='word_1_102' title='bbox 571 1349 678 1414; x_wconf 87' lang='lat' dir='ltr'><strong>neque</strong></span> <span class='ocrx_word' id='word_1_103' title='bbox 701 1328 786 1392; x_wconf 90' lang='lat' dir='ltr'><strong>tales</strong></span> <span class='ocrx_word' id='word_1_104' title='bbox 809 1338 959 1416; x_wconf 87' lang='lat' dir='ltr'><strong>tempore</strong></span> <span class='ocrx_word' id='word_1_105' title='bbox 973 1330 1138 1397; x_wconf 86' lang='lat' dir='ltr'><strong>electionis</strong></span> <span class='ocrx_word' id='word_1_106' title='bbox 1152 1353 1242 1417; x_wconf 87' lang='lat' dir='ltr'><strong>repe-</strong></span> 
     </span>
     <span class='ocr_line' id='line_1_14' title="bbox 93 1413 1241 1500; baseline 0.004 -24"><span class='ocrx_word' id='word_1_107' title='bbox 93 1416 221 1479; x_wconf 87' lang='lat' dir='ltr'><strong>riantur</strong></span> <span class='ocrx_word' id='word_1_108' title='bbox 242 1413 360 1489; x_wconf 88' lang='lat' dir='ltr'><strong>idonci,</strong></span> <span class='ocrx_word' id='word_1_109' title='bbox 374 1423 454 1478; x_wconf 92' lang='lat' dir='ltr'><strong>tunc</strong></span> <span class='ocrx_word' id='word_1_110' title='bbox 475 1416 509 1478; x_wconf 92' lang='lat' dir='ltr'><strong>in</strong></span> <span class='ocrx_word' id='word_1_111' title='bbox 524 1437 563 1480; x_wconf 85' lang='lat' dir='ltr'><strong>eo</strong></span> <span class='ocrx_word' id='word_1_112' title='bbox 577 1437 675 1493; x_wconf 83' lang='lat' dir='ltr'><strong>casu3</strong></span> <span class='ocrx_word' id='word_1_113' title='bbox 696 1415 776 1500; x_wconf 91' lang='lat' dir='ltr'><strong>quia</strong></span> <span class='ocrx_word' id='word_1_114' title='bbox 794 1415 948 1480; x_wconf 90' lang='lat' dir='ltr'><strong>nolumus</strong></span> <span class='ocrx_word' id='word_1_115' title='bbox 962 1416 1125 1482; x_wconf 84' lang='lat' dir='ltr'><strong>dioecesim</strong></span> <span class='ocrx_word' id='word_1_116' title='bbox 1138 1418 1241 1482; x_wconf 90' lang='lat' dir='ltr'><strong>ullam</strong></span> 
     </span>
     <span class='ocr_line' id='line_1_15' title="bbox 90 1500 1243 1588; baseline 0.004 -24"><span class='ocrx_word' id='word_1_117' title='bbox 90 1511 152 1564; x_wconf 88' lang='lat' dir='ltr'><strong>aut</strong></span> <span class='ocrx_word' id='word_1_118' title='bbox 166 1501 368 1580; x_wconf 83' lang='lat' dir='ltr'><strong>comitatum,</strong></span> <span class='ocrx_word' id='word_1_119' title='bbox 379 1500 490 1586; x_wconf 90' lang='lat' dir='ltr'><strong>quoad</strong></span> <span class='ocrx_word' id='word_1_120' title='bbox 504 1500 672 1564; x_wconf 87' lang='lat' dir='ltr'><strong>commode</strong></span> <span class='ocrx_word' id='word_1_121' title='bbox 685 1501 757 1564; x_wconf 83' lang='lat' dir='ltr'><strong>lieri</strong></span> <span class='ocrx_word' id='word_1_122' title='bbox 770 1502 884 1586; x_wconf 88' lang='lat' dir='ltr'><strong>possit,</strong></span> <span class='ocrx_word' id='word_1_123' title='bbox 896 1525 959 1568; x_wconf 91' lang='lat' dir='ltr'><strong>suo</strong></span> <span class='ocrx_word' id='word_1_124' title='bbox 972 1505 1092 1588; x_wconf 88' lang='lat' dir='ltr'><strong>privari</strong></span> <span class='ocrx_word' id='word_1_125' title='bbox 1107 1525 1243 1569; x_wconf 88' lang='lat' dir='ltr'><strong>numero</strong></span> 
     </span>
     <span class='ocr_line' id='line_1_16' title="bbox 92 1585 1242 1674; baseline 0.003 -22"><span class='ocrx_word' id='word_1_126' title='bbox 92 1596 152 1652; x_wconf 90' lang='lat' dir='ltr'><strong>aut</strong></span> <span class='ocrx_word' id='word_1_127' title='bbox 167 1587 420 1662; x_wconf 81' lang='lat' dir='ltr'><strong>commoditate3</strong></span> <span class='ocrx_word' id='word_1_128' title='bbox 437 1587 587 1650; x_wconf 83' lang='lat' dir='ltr'><strong>volumus</strong></span> <span class='ocrx_word' id='word_1_129' title='bbox 602 1585 690 1672; x_wconf 91' lang='lat' dir='ltr'><strong>quod</strong></span> <span class='ocrx_word' id='word_1_130' title='bbox 705 1587 747 1650; x_wconf 87' lang='lat' dir='ltr'><strong>ad</strong></span> <span class='ocrx_word' id='word_1_131' title='bbox 756 1587 1010 1674; x_wconf 85' lang='lat' dir='ltr'><strong>completionem</strong></span> <span class='ocrx_word' id='word_1_132' title='bbox 1021 1591 1148 1654; x_wconf 90' lang='lat' dir='ltr'><strong>numeri</strong></span> <span class='ocrx_word' id='word_1_133' title='bbox 1157 1611 1242 1673; x_wconf 80' lang='lat' dir='ltr'><strong>prae·</strong></span> 
     </span>
     <span class='ocr_line' id='line_1_17' title="bbox 92 1671 1243 1753; baseline 0.005 -17"><span class='ocrx_word' id='word_1_134' title='bbox 92 1673 184 1753; x_wconf 85' lang='lat' dir='ltr'><strong>dieti,</strong></span> <span class='ocrx_word' id='word_1_135' title='bbox 206 1671 385 1738; x_wconf 90' lang='lat' dir='ltr'><strong>secundum</strong></span> <span class='ocrx_word' id='word_1_136' title='bbox 408 1671 673 1738; x_wconf 88' lang='lat' dir='ltr'><strong>distributionem</strong></span> <span class='ocrx_word' id='word_1_137' title='bbox 701 1680 736 1738; x_wconf 89' lang='lat' dir='ltr'><strong>et</strong></span> <span class='ocrx_word' id='word_1_138' title='bbox 758 1671 981 1739; x_wconf 88' lang='lat' dir='ltr'><strong>limitationem</strong></span> <span class='ocrx_word' id='word_1_139' title='bbox 998 1674 1193 1740; x_wconf 83' lang='lat' dir='ltr'><strong>dioecesium</strong></span> <span class='ocrx_word' id='word_1_140' title='bbox 1207 1684 1243 1742; x_wconf 85' lang='lat' dir='ltr'><strong>et</strong></span> 
     </span>
     <span class='ocr_line' id='line_1_18' title="bbox 88 1757 1242 1847; baseline 0.002 -23"><span class='ocrx_word' id='word_1_141' title='bbox 88 1759 304 1824; x_wconf 80' lang='lat' dir='ltr'><strong>comitatuum</strong></span> <span class='ocrx_word' id='word_1_142' title='bbox 316 1757 554 1844; x_wconf 71' lang='lat' dir='ltr'><strong>predictorum,</strong></span> <span class='ocrx_word' id='word_1_143' title='bbox 565 1758 730 1847; x_wconf 83' lang='lat' dir='ltr'><strong>eligantur</strong></span> <span class='ocrx_word' id='word_1_144' title='bbox 742 1766 777 1823; x_wconf 87' lang='lat' dir='ltr'><strong>et</strong></span> <span class='ocrx_word' id='word_1_145' title='bbox 787 1769 996 1825; x_wconf 86' lang='lat' dir='ltr'><strong>assumantur</strong></span> <span class='ocrx_word' id='word_1_146' title='bbox 1010 1760 1193 1827; x_wconf 84' lang='lat' dir='ltr'><strong>scholastici</strong></span> <span class='ocrx_word' id='word_1_147' title='bbox 1208 1763 1242 1826; x_wconf 87' lang='lat' dir='ltr'><strong>in</strong></span> 
     </span>
     <span class='ocr_line' id='line_1_19' title="bbox 92 1843 1243 1932; baseline 0.002 -22"><span class='ocrx_word' id='word_1_148' title='bbox 92 1847 309 1929; x_wconf 85' lang='lat' dir='ltr'><strong>grammatica</strong></span> <span class='ocrx_word' id='word_1_149' title='bbox 324 1845 405 1908; x_wconf 88' lang='lat' dir='ltr'><strong>satis</strong></span> <span class='ocrx_word' id='word_1_150' title='bbox 419 1843 540 1908; x_wconf 89' lang='lat' dir='ltr'><strong>eruditi</strong></span> <span class='ocrx_word' id='word_1_151' title='bbox 556 1853 590 1908; x_wconf 92' lang='lat' dir='ltr'><strong>et</strong></span> <span class='ocrx_word' id='word_1_152' title='bbox 605 1847 681 1908; x_wconf 88' lang='lat' dir='ltr'><strong>insu</strong></span> <span class='ocrx_word' id='word_1_153' title='bbox 726 1867 741 1908; x_wconf 90' lang='lat' dir='ltr'><strong>r</strong></span> <span class='ocrx_word' id='word_1_154' title='bbox 759 1845 793 1906; x_wconf 92' lang='lat' dir='ltr'><strong>in</strong></span> <span class='ocrx_word' id='word_1_155' title='bbox 809 1845 1005 1931; x_wconf 83' lang='lat' dir='ltr'><strong>logicalibus</strong></span> <span class='ocrx_word' id='word_1_156' title='bbox 1019 1869 1079 1932; x_wconf 90' lang='lat' dir='ltr'><strong>pro</strong></span> <span class='ocrx_word' id='word_1_157' title='bbox 1094 1857 1243 1931; x_wconf 84' lang='lat' dir='ltr'><strong>tempore</strong></span> 
     </span>
     <span class='ocr_line' id='line_1_20' title="bbox 92 1866 1243 2018; baseline 0.003 -24"><span class='ocrx_word' id='word_1_158' title='bbox 92 1931 188 2003; x_wconf 93' lang='lat' dir='ltr'><strong>docti,</strong></span> <span class='ocrx_word' id='word_1_159' title='bbox 203 1930 256 1994; x_wconf 86' lang='lat' dir='ltr'><strong>vel</strong></span> <span class='ocrx_word' id='word_1_160' title='bbox 272 1931 390 1996; x_wconf 87' lang='lat' dir='ltr'><strong>saltem</strong></span> <span class='ocrx_word' id='word_1_161' title='bbox 408 1933 446 1994; x_wconf 88' lang='lat' dir='ltr'><strong>ad</strong></span> <span class='ocrx_word' id='word_1_162' title='bbox 463 1929 662 1996; x_wconf 88' lang='lat' dir='ltr'><strong>studendum</strong></span> <span class='ocrx_word' id='word_1_163' title='bbox 682 1866 837 2016; x_wconf 63' lang='lat' dir='ltr'><strong>ldgicalia</strong></span> <span class='ocrx_word' id='word_1_164' title='bbox 857 1932 927 2016; x_wconf 91' lang='lat' dir='ltr'><strong>apti</strong></span> <span class='ocrx_word' id='word_1_165' title='bbox 950 1940 986 1997; x_wconf 89' lang='lat' dir='ltr'><strong>et</strong></span> <span class='ocrx_word' id='word_1_166' title='bbox 1009 1933 1130 2018; x_wconf 88' lang='lat' dir='ltr'><strong>parati,</strong></span> <span class='ocrx_word' id='word_1_167' title='bbox 1146 1933 1243 1997; x_wconf 91' lang='lat' dir='ltr'><strong>dum·</strong></span> 
     </span>
     <span class='ocr_line' id='line_1_21' title="bbox 91 2014 1244 2084; baseline 0.003 -4"><span class='ocrx_word' id='word_1_168' title='bbox 91 2017 190 2082; x_wconf 93' lang='lat' dir='ltr'><strong>modo</strong></span> <span class='ocrx_word' id='word_1_169' title='bbox 219 2017 254 2080; x_wconf 90' lang='lat' dir='ltr'><strong>in</strong></span> <span class='ocrx_word' id='word_1_170' title='bbox 286 2017 382 2082; x_wconf 91' lang='lat' dir='ltr'><strong>dictis</strong></span> <span class='ocrx_word' id='word_1_171' title='bbox 407 2017 607 2080; x_wconf 86' lang='lat' dir='ltr'><strong>dioeeesibus</strong></span> <span class='ocrx_word' id='word_1_172' title='bbox 633 2014 684 2080; x_wconf 91' lang='lat' dir='ltr'><strong>vel</strong></span> <span class='ocrx_word' id='word_1_173' title='bbox 713 2016 924 2081; x_wconf 86' lang='lat' dir='ltr'><strong>comitatibus</strong></span> <span class='ocrx_word' id='word_1_174' title='bbox 952 2019 1147 2082; x_wconf 81' lang='lat' dir='ltr'><strong>vacantibus</strong></span> <span class='ocrx_word' id='word_1_175' title='bbox 1171 2021 1244 2084; x_wconf 89' lang='lat' dir='ltr'><strong>nati</strong></span> 
     </span>
     <span class='ocr_line' id='line_1_22' title="bbox 92 2101 1242 2189; baseline 0 -23"><span class='ocrx_word' id='word_1_176' title='bbox 92 2104 227 2174; x_wconf 87' lang='lat' dir='ltr'><strong>suerint,</strong></span> <span class='ocrx_word' id='word_1_177' title='bbox 242 2113 277 2168; x_wconf 89' lang='lat' dir='ltr'><strong>et</strong></span> <span class='ocrx_word' id='word_1_178' title='bbox 292 2111 447 2189; x_wconf 91' lang='lat' dir='ltr'><strong>quartum</strong></span> <span class='ocrx_word' id='word_1_179' title='bbox 463 2101 625 2167; x_wconf 72' lang='lat' dir='ltr'><strong>dammum</strong></span> <span class='ocrx_word' id='word_1_180' title='bbox 647 2123 727 2172; x_wconf 69' lang='lat' dir='ltr'><strong>suae,</strong></span> <span class='ocrx_word' id='word_1_181' title='bbox 739 2103 848 2166; x_wconf 85' lang='lat' dir='ltr'><strong>aetatis</strong></span> <span class='ocrx_word' id='word_1_182' title='bbox 862 2123 986 2167; x_wconf 88' lang='lat' dir='ltr'><strong>anuum</strong></span> <span class='ocrx_word' id='word_1_183' title='bbox 998 2123 1067 2168; x_wconf 91' lang='lat' dir='ltr'><strong>eom</strong></span> <span class='ocrx_word' id='word_1_184' title='bbox 1093 2105 1242 2180; x_wconf 79' lang='lat' dir='ltr'><strong>laverint,</strong></span> 
     </span>
     <span class='ocr_line' id='line_1_23' title="bbox 89 2186 1243 2266; baseline 0.001 -12"><span class='ocrx_word' id='word_1_185' title='bbox 89 2199 127 2254; x_wconf 90' lang='lat' dir='ltr'><strong>et</strong></span> <span class='ocrx_word' id='word_1_186' title='bbox 142 2189 304 2254; x_wconf 91' lang='lat' dir='ltr'><strong>decimum</strong></span> <span class='ocrx_word' id='word_1_187' title='bbox 321 2209 444 2253; x_wconf 88' lang='lat' dir='ltr'><strong>nonum</strong></span> <span class='ocrx_word' id='word_1_188' title='bbox 459 2211 524 2252; x_wconf 85' lang='lat' dir='ltr'><strong>non</strong></span> <span class='ocrx_word' id='word_1_189' title='bbox 540 2188 746 2252; x_wconf 79' lang='lat' dir='ltr'><strong>excesserint.</strong></span> <span class='ocrx_word' id='word_1_190' title='bbox 791 2186 891 2266; x_wconf 78' lang='lat' dir='ltr'><strong>Quod</strong></span> <span class='ocrx_word' id='word_1_191' title='bbox 913 2189 942 2252; x_wconf 93' lang='lat' dir='ltr'><strong>si</strong></span> <span class='ocrx_word' id='word_1_192' title='bbox 962 2197 1050 2252; x_wconf 90' lang='lat' dir='ltr'><strong>nect</strong></span> <span class='ocrx_word' id='word_1_193' title='bbox 1084 2211 1120 2254; x_wconf 87' lang='lat' dir='ltr'><strong>es</strong></span> <span class='ocrx_word' id='word_1_194' title='bbox 1135 2189 1243 2255; x_wconf 88' lang='lat' dir='ltr'><strong>adhuc</strong></span> 
     </span>
     <span class='ocr_line' id='line_1_24' title="bbox 91 2272 1242 2363; baseline 0.003 -25"><span class='ocrx_word' id='word_1_195' title='bbox 91 2277 299 2363; x_wconf 86' lang='lat' dir='ltr'><strong>reperiantur</strong></span> <span class='ocrx_word' id='word_1_196' title='bbox 315 2285 350 2340; x_wconf 94' lang='lat' dir='ltr'><strong>ut</strong></span> <span class='ocrx_word' id='word_1_197' title='bbox 368 2275 530 2340; x_wconf 91' lang='lat' dir='ltr'><strong>sufficiant</strong></span> <span class='ocrx_word' id='word_1_198' title='bbox 548 2273 592 2338; x_wconf 89' lang='lat' dir='ltr'><strong>ad</strong></span> <span class='ocrx_word' id='word_1_199' title='bbox 609 2273 796 2362; x_wconf 88' lang='lat' dir='ltr'><strong>supplenda</strong></span> <span class='ocrx_word' id='word_1_200' title='bbox 819 2272 924 2360; x_wconf 84' lang='lat' dir='ltr'><strong>plene,</strong></span> <span class='ocrx_word' id='word_1_201' title='bbox 939 2274 1119 2340; x_wconf 86' lang='lat' dir='ltr'><strong>secundum</strong></span> <span class='ocrx_word' id='word_1_202' title='bbox 1133 2274 1242 2341; x_wconf 84' lang='lat' dir='ltr'><strong>distri-</strong></span> 
     </span>
     <span class='ocr_line' id='line_1_25' title="bbox 91 2362 1240 2448; baseline 0.001 -20"><span class='ocrx_word' id='word_1_203' title='bbox 91 2362 261 2429; x_wconf 78' lang='lat' dir='ltr'><strong>butionem</strong></span> <span class='ocrx_word' id='word_1_204' title='bbox 285 2362 491 2448; x_wconf 86' lang='lat' dir='ltr'><strong>praefinitam,</strong></span> <span class='ocrx_word' id='word_1_205' title='bbox 514 2362 584 2427; x_wconf 84' lang='lat' dir='ltr'><strong>loca</strong></span> <span class='ocrx_word' id='word_1_206' title='bbox 606 2382 665 2446; x_wconf 92' lang='lat' dir='ltr'><strong>per</strong></span> <span class='ocrx_word' id='word_1_207' title='bbox 689 2383 861 2427; x_wconf 90' lang='lat' dir='ltr'><strong>numerum</strong></span> <span class='ocrx_word' id='word_1_208' title='bbox 876 2362 1066 2429; x_wconf 83' lang='lat' dir='ltr'><strong>dioecesium</strong></span> <span class='ocrx_word' id='word_1_209' title='bbox 1088 2372 1122 2428; x_wconf 85' lang='lat' dir='ltr'><strong>et</strong></span> <span class='ocrx_word' id='word_1_210' title='bbox 1141 2364 1240 2429; x_wconf 82' lang='lat' dir='ltr'><strong>comi·</strong></span> 
     </span>
     <span class='ocr_line' id='line_1_26' title="bbox 90 2447 1241 2523; baseline 0.002 -10"><span class='ocrx_word' id='word_1_211' title='bbox 90 2458 224 2515; x_wconf 90' lang='lat' dir='ltr'><strong>tatuum</strong></span> <span class='ocrx_word' id='word_1_212' title='bbox 241 2448 424 2513; x_wconf 87' lang='lat' dir='ltr'><strong>vacantium</strong></span> <span class='ocrx_word' id='word_1_213' title='bbox 437 2458 474 2513; x_wconf 91' lang='lat' dir='ltr'><strong>et</strong></span> <span class='ocrx_word' id='word_1_214' title='bbox 490 2447 719 2519; x_wconf 82' lang='lat' dir='ltr'><strong>deficientium,</strong></span> <span class='ocrx_word' id='word_1_215' title='bbox 736 2456 815 2513; x_wconf 90' lang='lat' dir='ltr'><strong>tunc</strong></span> <span class='ocrx_word' id='word_1_216' title='bbox 837 2449 870 2511; x_wconf 90' lang='lat' dir='ltr'><strong>in</strong></span> <span class='ocrx_word' id='word_1_217' title='bbox 893 2470 932 2513; x_wconf 92' lang='lat' dir='ltr'><strong>eo</strong></span> <span class='ocrx_word' id='word_1_218' title='bbox 955 2470 1035 2513; x_wconf 82' lang='lat' dir='ltr'><strong>casn</strong></span> <span class='ocrx_word' id='word_1_219' title='bbox 1055 2451 1241 2523; x_wconf 87' lang='lat' dir='ltr'><strong>statuimus,</strong></span> 
     </span>
     <span class='ocr_line' id='line_1_27' title="bbox 91 2532 1241 2623; baseline 0.001 -24"><span class='ocrx_word' id='word_1_220' title='bbox 91 2543 131 2599; x_wconf 93' lang='lat' dir='ltr'><strong>ut</strong></span> <span class='ocrx_word' id='word_1_221' title='bbox 156 2535 327 2623; x_wconf 86' lang='lat' dir='ltr'><strong>eligantur</strong></span> <span class='ocrx_word' id='word_1_222' title='bbox 353 2536 420 2598; x_wconf 86' lang='lat' dir='ltr'><strong>nati</strong></span> <span class='ocrx_word' id='word_1_223' title='bbox 445 2535 478 2598; x_wconf 90' lang='lat' dir='ltr'><strong>in</strong></span> <span class='ocrx_word' id='word_1_224' title='bbox 503 2533 597 2600; x_wconf 88' lang='lat' dir='ltr'><strong>dietis</strong></span> <span class='ocrx_word' id='word_1_225' title='bbox 618 2532 817 2599; x_wconf 85' lang='lat' dir='ltr'><strong>dioecesibus</strong></span> <span class='ocrx_word' id='word_1_226' title='bbox 838 2533 889 2599; x_wconf 81' lang='lat' dir='ltr'><strong>vel</strong></span> <span class='ocrx_word' id='word_1_227' title='bbox 908 2536 1118 2601; x_wconf 82' lang='lat' dir='ltr'><strong>comitatibus</strong></span> <span class='ocrx_word' id='word_1_228' title='bbox 1140 2538 1241 2600; x_wconf 90' lang='lat' dir='ltr'><strong>etiam</strong></span> 
     </span>
     <span class='ocr_line' id='line_1_28' title="bbox 90 2618 1243 2707; baseline 0.002 -22"><span class='ocrx_word' id='word_1_229' title='bbox 90 2644 159 2687; x_wconf 90' lang='lat' dir='ltr'><strong>non</strong></span> <span class='ocrx_word' id='word_1_230' title='bbox 179 2622 383 2699; x_wconf 79' lang='lat' dir='ltr'><strong>vacantibus,</strong></span> <span class='ocrx_word' id='word_1_231' title='bbox 403 2619 456 2685; x_wconf 87' lang='lat' dir='ltr'><strong>vel</strong></span> <span class='ocrx_word' id='word_1_232' title='bbox 481 2618 602 2685; x_wconf 85' lang='lat' dir='ltr'><strong>artium</strong></span> <span class='ocrx_word' id='word_1_233' title='bbox 620 2620 840 2694; x_wconf 85' lang='lat' dir='ltr'><strong>Bacealaurei,</strong></span> <span class='ocrx_word' id='word_1_234' title='bbox 863 2643 926 2685; x_wconf 89' lang='lat' dir='ltr'><strong>nou</strong></span> <span class='ocrx_word' id='word_1_235' title='bbox 952 2622 1116 2707; x_wconf 84' lang='lat' dir='ltr'><strong>Magistri,</strong></span> <span class='ocrx_word' id='word_1_236' title='bbox 1152 2623 1243 2687; x_wconf 86' lang='lat' dir='ltr'><strong>uales</strong></span> 
     </span>
     <span class='ocr_line' id='line_1_29' title="bbox 90 2645 1242 2793; baseline 0.001 -21"><span class='ocrx_word' id='word_1_237' title='bbox 90 2707 314 2793; x_wconf 77' lang='lat' dir='ltr'><strong>praediximus,</strong></span> <span class='ocrx_word' id='word_1_238' title='bbox 331 2709 357 2769; x_wconf 89' lang='lat' dir='ltr'><strong>si</strong></span> <span class='ocrx_word' id='word_1_239' title='bbox 376 2708 457 2771; x_wconf 89' lang='lat' dir='ltr'><strong>tales</strong></span> <span class='ocrx_word' id='word_1_240' title='bbox 481 2716 560 2771; x_wconf 87' lang='lat' dir='ltr'><strong>tunc</strong></span> <span class='ocrx_word' id='word_1_241' title='bbox 577 2707 612 2771; x_wconf 85' lang='lat' dir='ltr'><strong>in</strong></span> <span class='ocrx_word' id='word_1_242' title='bbox 629 2705 849 2769; x_wconf 84' lang='lat' dir='ltr'><strong>Universitate</strong></span> <span class='ocrx_word' id='word_1_243' title='bbox 873 2707 1086 2793; x_wconf 84' lang='lat' dir='ltr'><strong>reperiantur,</strong></span> <span class='ocrx_word' id='word_1_244' title='bbox 1099 2645 1162 2786; x_wconf 80' lang='lat' dir='ltr'><strong>vel,</strong></span> <span class='ocrx_word' id='word_1_245' title='bbox 1177 2710 1242 2773; x_wconf 88' lang='lat' dir='ltr'><strong>illis</strong></span> 
     </span>
     <span class='ocr_line' id='line_1_30' title="bbox 91 2791 1242 2881; baseline 0.001 -22"><span class='ocrx_word' id='word_1_246' title='bbox 91 2804 172 2859; x_wconf 89' lang='lat' dir='ltr'><strong>tune</strong></span> <span class='ocrx_word' id='word_1_247' title='bbox 187 2794 221 2857; x_wconf 93' lang='lat' dir='ltr'><strong>in</strong></span> <span class='ocrx_word' id='word_1_248' title='bbox 242 2794 467 2857; x_wconf 86' lang='lat' dir='ltr'><strong>Universitatc</strong></span> <span class='ocrx_word' id='word_1_249' title='bbox 490 2814 554 2855; x_wconf 88' lang='lat' dir='ltr'><strong>non</strong></span> <span class='ocrx_word' id='word_1_250' title='bbox 575 2791 728 2866; x_wconf 87' lang='lat' dir='ltr'><strong>inventis,</strong></span> <span class='ocrx_word' id='word_1_251' title='bbox 751 2791 935 2857; x_wconf 86' lang='lat' dir='ltr'><strong>scholastici</strong></span> <span class='ocrx_word' id='word_1_252' title='bbox 951 2795 1067 2878; x_wconf 89' lang='lat' dir='ltr'><strong>quales</strong></span> <span class='ocrx_word' id='word_1_253' title='bbox 1089 2795 1242 2881; x_wconf 79' lang='lat' dir='ltr'><strong>praedixi·</strong></span> 
     </span>
     <span class='ocr_line' id='line_1_31' title="bbox 90 2878 1241 2964; baseline 0.001 -20"><span class='ocrx_word' id='word_1_254' title='bbox 90 2902 165 2944; x_wconf 89' lang='lat' dir='ltr'><strong>mus</strong></span> <span class='ocrx_word' id='word_1_255' title='bbox 180 2902 246 2943; x_wconf 91' lang='lat' dir='ltr'><strong>non</strong></span> <span class='ocrx_word' id='word_1_256' title='bbox 262 2879 490 2964; x_wconf 81' lang='lat' dir='ltr'><strong>graduatiqui</strong></span> <span class='ocrx_word' id='word_1_257' title='bbox 506 2878 671 2944; x_wconf 86' lang='lat' dir='ltr'><strong>biennium</strong></span> <span class='ocrx_word' id='word_1_258' title='bbox 687 2878 721 2941; x_wconf 93' lang='lat' dir='ltr'><strong>in</strong></span> <span class='ocrx_word' id='word_1_259' title='bbox 736 2879 963 2943; x_wconf 85' lang='lat' dir='ltr'><strong>Universitate</strong></span> <span class='ocrx_word' id='word_1_260' title='bbox 979 2879 1102 2945; x_wconf 81' lang='lat' dir='ltr'><strong>Oxo-nii</strong></span> <span class='ocrx_word' id='word_1_261' title='bbox 1115 2881 1241 2964; x_wconf 79' lang='lat' dir='ltr'><strong>sophis·</strong></span> 
     </span>
     <span class='ocr_line' id='line_1_32' title="bbox 2 2964 1242 3048; baseline -0.001 -17"><span class='ocrx_word' id='word_1_262' title='bbox 2 2993 5 3004; x_wconf 88' lang='lat'><strong>·</strong></span> <span class='ocrx_word' id='word_1_263' title='bbox 90 2967 147 3031; x_wconf 84' lang='lat' dir='ltr'><strong>tias</strong></span> <span class='ocrx_word' id='word_1_264' title='bbox 168 2974 202 3030; x_wconf 88' lang='lat' dir='ltr'><strong>et</strong></span> <span class='ocrx_word' id='word_1_265' title='bbox 218 2965 397 3031; x_wconf 84' lang='lat' dir='ltr'><strong>dialecticae</strong></span> <span class='ocrx_word' id='word_1_266' title='bbox 422 2972 488 3028; x_wconf 87' lang='lat' dir='ltr'><strong>tam</strong></span> <span class='ocrx_word' id='word_1_267' title='bbox 513 2964 685 3048; x_wconf 84' lang='lat' dir='ltr'><strong>diligenter</strong></span> <span class='ocrx_word' id='word_1_268' title='bbox 707 2965 927 3029; x_wconf 87' lang='lat' dir='ltr'><strong>incubuerunt</strong></span> <span class='ocrx_word' id='word_1_269' title='bbox 949 2973 987 3028; x_wconf 90' lang='lat' dir='ltr'><strong>ut</strong></span> <span class='ocrx_word' id='word_1_270' title='bbox 1010 2966 1097 3029; x_wconf 90' lang='lat' dir='ltr'><strong>intra</strong></span> <span class='ocrx_word' id='word_1_271' title='bbox 1118 2988 1242 3031; x_wconf 84' lang='lat' dir='ltr'><strong>annum</strong></span> 
     </span>
     <span class='ocr_line' id='line_1_33' title="bbox 90 3049 1242 3138; baseline 0 -21"><span class='ocrx_word' id='word_1_272' title='bbox 90 3052 241 3138; x_wconf 86' lang='lat' dir='ltr'><strong>proxime</strong></span> <span class='ocrx_word' id='word_1_273' title='bbox 266 3060 459 3138; x_wconf 89' lang='lat' dir='ltr'><strong>sequentem</strong></span> <span class='ocrx_word' id='word_1_274' title='bbox 487 3049 529 3113; x_wconf 91' lang='lat' dir='ltr'><strong>ad</strong></span> <span class='ocrx_word' id='word_1_275' title='bbox 554 3049 692 3135; x_wconf 57' lang='lat' dir='ltr'><strong>madum</strong></span> <span class='ocrx_word' id='word_1_276' title='bbox 721 3050 996 3116; x_wconf 81' lang='lat' dir='ltr'><strong>Bacealaureatus</strong></span> <span class='ocrx_word' id='word_1_277' title='bbox 1023 3051 1059 3115; x_wconf 88' lang='lat' dir='ltr'><strong>in</strong></span> <span class='ocrx_word' id='word_1_278' title='bbox 1086 3051 1242 3117; x_wconf 79' lang='lat' dir='ltr'><strong>facultate</strong></span> 
     </span>
     <span class='ocr_line' id='line_1_34' title="bbox 91 3135 1242 3222; baseline 0.002 -21"><span class='ocrx_word' id='word_1_279' title='bbox 91 3140 213 3203; x_wconf 89' lang='lat' dir='ltr'><strong>artium</strong></span> <span class='ocrx_word' id='word_1_280' title='bbox 238 3137 344 3203; x_wconf 87' lang='lat' dir='ltr'><strong>idonei</strong></span> <span class='ocrx_word' id='word_1_281' title='bbox 371 3136 546 3201; x_wconf 88' lang='lat' dir='ltr'><strong>credantur</strong></span> <span class='ocrx_word' id='word_1_282' title='bbox 568 3135 722 3222; x_wconf 88' lang='lat' dir='ltr'><strong>doctique</strong></span> <span class='ocrx_word' id='word_1_283' title='bbox 750 3143 785 3199; x_wconf 91' lang='lat' dir='ltr'><strong>et</strong></span> <span class='ocrx_word' id='word_1_284' title='bbox 810 3136 925 3222; x_wconf 85' lang='lat' dir='ltr'><strong>parati.</strong></span> <span class='ocrx_word' id='word_1_285' title='bbox 970 3136 1019 3201; x_wconf 79' lang='lat' dir='ltr'><strong>Et</strong></span> <span class='ocrx_word' id='word_1_286' title='bbox 1044 3139 1186 3216; x_wconf 87' lang='lat' dir='ltr'><strong>demum,</strong></span> <span class='ocrx_word' id='word_1_287' title='bbox 1212 3140 1242 3203; x_wconf 87' lang='lat' dir='ltr'><strong>si</strong></span> 
     </span>
     <span class='ocr_line' id='line_1_35' title="bbox 91 3220 1241 3308; baseline -0.001 -19"><span class='ocrx_word' id='word_1_288' title='bbox 91 3226 184 3289; x_wconf 90' lang='lat' dir='ltr'><strong>nullo</strong></span> <span class='ocrx_word' id='word_1_289' title='bbox 212 3225 348 3289; x_wconf 90' lang='lat' dir='ltr'><strong>istorum</strong></span> <span class='ocrx_word' id='word_1_290' title='bbox 379 3222 547 3287; x_wconf 86' lang='lat' dir='ltr'><strong>modorum</strong></span> <span class='ocrx_word' id='word_1_291' title='bbox 581 3220 625 3286; x_wconf 89' lang='lat' dir='ltr'><strong>ad</strong></span> <span class='ocrx_word' id='word_1_292' title='bbox 653 3221 898 3308; x_wconf 89' lang='lat' dir='ltr'><strong>suppletionem</strong></span> <span class='ocrx_word' id='word_1_293' title='bbox 926 3229 964 3286; x_wconf 89' lang='lat' dir='ltr'><strong>et</strong></span> <span class='ocrx_word' id='word_1_294' title='bbox 989 3222 1241 3307; x_wconf 85' lang='lat' dir='ltr'><strong>completionem</strong></span> 
     </span>
     <span class='ocr_line' id='line_1_36' title="bbox 90 3306 1241 3395; baseline -0.002 -20"><span class='ocrx_word' id='word_1_295' title='bbox 90 3311 222 3376; x_wconf 85' lang='lat' dir='ltr'><strong>nuureri</strong></span> <span class='ocrx_word' id='word_1_296' title='bbox 245 3310 390 3395; x_wconf 84' lang='lat' dir='ltr'><strong>prsedicti</strong></span> <span class='ocrx_word' id='word_1_297' title='bbox 404 3309 445 3373; x_wconf 88' lang='lat' dir='ltr'><strong>de</strong></span> <span class='ocrx_word' id='word_1_298' title='bbox 461 3309 549 3373; x_wconf 90' lang='lat' dir='ltr'><strong>natis</strong></span> <span class='ocrx_word' id='word_1_299' title='bbox 571 3308 604 3371; x_wconf 92' lang='lat' dir='ltr'><strong>in</strong></span> <span class='ocrx_word' id='word_1_300' title='bbox 629 3307 725 3372; x_wconf 87' lang='lat' dir='ltr'><strong>dietis</strong></span> <span class='ocrx_word' id='word_1_301' title='bbox 746 3306 945 3372; x_wconf 86' lang='lat' dir='ltr'><strong>dioeeesibus</strong></span> <span class='ocrx_word' id='word_1_302' title='bbox 969 3315 1003 3373; x_wconf 89' lang='lat' dir='ltr'><strong>et</strong></span> <span class='ocrx_word' id='word_1_303' title='bbox 1023 3308 1241 3382; x_wconf 89' lang='lat' dir='ltr'><strong>comitatibus,</strong></span> 
     </span>
     <span class='ocr_line' id='line_1_37' title="bbox 93 3393 1240 3484; baseline -0.002 -23"><span class='ocrx_word' id='word_1_304' title='bbox 93 3420 202 3484; x_wconf 83' lang='lat' dir='ltr'><strong>neque</strong></span> <span class='ocrx_word' id='word_1_305' title='bbox 228 3395 404 3461; x_wconf 90' lang='lat' dir='ltr'><strong>seeundum</strong></span> <span class='ocrx_word' id='word_1_306' title='bbox 430 3393 696 3459; x_wconf 89' lang='lat' dir='ltr'><strong>distributionem</strong></span> <span class='ocrx_word' id='word_1_307' title='bbox 719 3393 904 3466; x_wconf 90' lang='lat' dir='ltr'><strong>limitatam,</strong></span> <span class='ocrx_word' id='word_1_308' title='bbox 928 3414 1036 3480; x_wconf 88' lang='lat' dir='ltr'><strong>neque</strong></span> <span class='ocrx_word' id='word_1_309' title='bbox 1059 3393 1240 3459; x_wconf 86' lang='lat' dir='ltr'><strong>secundum</strong></span> 
     </span>
     <span class='ocr_line' id='line_1_38' title="bbox 90 3479 1241 3566; baseline 0.002 -21"><span class='ocrx_word' id='word_1_310' title='bbox 90 3483 281 3547; x_wconf 88' lang='lat' dir='ltr'><strong>libertatem</strong></span> <span class='ocrx_word' id='word_1_311' title='bbox 309 3490 480 3547; x_wconf 85' lang='lat' dir='ltr'><strong>extensam</strong></span> <span class='ocrx_word' id='word_1_312' title='bbox 507 3488 541 3544; x_wconf 87' lang='lat' dir='ltr'><strong>et</strong></span> <span class='ocrx_word' id='word_1_313' title='bbox 568 3480 724 3558; x_wconf 84' lang='lat' dir='ltr'><strong>laxatam,</strong></span> <span class='ocrx_word' id='word_1_314' title='bbox 756 3500 911 3563; x_wconf 86' lang='lat' dir='ltr'><strong>personae,</strong></span> <span class='ocrx_word' id='word_1_315' title='bbox 934 3487 973 3544; x_wconf 90' lang='lat' dir='ltr'><strong>ut</strong></span> <span class='ocrx_word' id='word_1_316' title='bbox 1001 3479 1180 3566; x_wconf 80' lang='lat' dir='ltr'><strong>praefertur,</strong></span> <span class='ocrx_word' id='word_1_317' title='bbox 1206 3484 1241 3547; x_wconf 89' lang='lat' dir='ltr'><strong>in</strong></span> 
     </span>
     <span class='ocr_line' id='line_1_39' title="bbox 4 3566 1241 3655; baseline -0.002 -20"><span class='ocrx_word' id='word_1_318' title='bbox 4 3586 9 3603; x_wconf 82' lang='lat'>‘</span> <span class='ocrx_word' id='word_1_319' title='bbox 93 3569 323 3635; x_wconf 86' lang='lat' dir='ltr'><strong>Universitate</strong></span> <span class='ocrx_word' id='word_1_320' title='bbox 345 3576 493 3653; x_wconf 85' lang='lat' dir='ltr'><strong>tempore</strong></span> <span class='ocrx_word' id='word_1_321' title='bbox 517 3567 685 3631; x_wconf 84' lang='lat' dir='ltr'><strong>electionis</strong></span> <span class='ocrx_word' id='word_1_322' title='bbox 715 3566 922 3650; x_wconf 88' lang='lat' dir='ltr'><strong>reperiantur</strong></span> <span class='ocrx_word' id='word_1_323' title='bbox 947 3566 1127 3632; x_wconf 90' lang='lat' dir='ltr'><strong>secuudum</strong></span> <span class='ocrx_word' id='word_1_324' title='bbox 1155 3590 1241 3655; x_wconf 83' lang='lat' dir='ltr'><strong>prae-</strong></span> 
     </span>
     <span class='ocr_line' id='line_1_40' title="bbox 90 3652 1241 3741; baseline 0.001 -22"><span class='ocrx_word' id='word_1_325' title='bbox 90 3656 199 3721; x_wconf 87' lang='lat' dir='ltr'><strong>dietas</strong></span> <span class='ocrx_word' id='word_1_326' title='bbox 214 3655 389 3741; x_wconf 86' lang='lat' dir='ltr'><strong>qualitates</strong></span> <span class='ocrx_word' id='word_1_327' title='bbox 408 3652 554 3726; x_wconf 64' lang='lat' dir='ltr'><strong>idoneam</strong></span> <span class='ocrx_word' id='word_1_328' title='bbox 577 3663 656 3717; x_wconf 91' lang='lat' dir='ltr'><strong>tune</strong></span> <span class='ocrx_word' id='word_1_329' title='bbox 671 3675 710 3717; x_wconf 92' lang='lat' dir='ltr'><strong>eo</strong></span> <span class='ocrx_word' id='word_1_330' title='bbox 725 3674 804 3717; x_wconf 89' lang='lat' dir='ltr'><strong>casu</strong></span> <span class='ocrx_word' id='word_1_331' title='bbox 818 3652 968 3717; x_wconf 82' lang='lat' dir='ltr'><strong>volumus</strong></span> <span class='ocrx_word' id='word_1_332' title='bbox 982 3656 1082 3738; x_wconf 94' lang='lat' dir='ltr'><strong>quod,</strong></span> <span class='ocrx_word' id='word_1_333' title='bbox 1098 3653 1138 3717; x_wconf 88' lang='lat' dir='ltr'><strong>de</strong></span> <span class='ocrx_word' id='word_1_334' title='bbox 1154 3656 1241 3720; x_wconf 89' lang='lat' dir='ltr'><strong>natis</strong></span> 
     </span>
     <span class='ocr_line' id='line_1_41' title="bbox 90 3737 1242 3827; baseline 0.002 -22"><span class='ocrx_word' id='word_1_335' title='bbox 90 3741 258 3827; x_wconf 81' lang='lat' dir='ltr'><strong>praecipue</strong></span> <span class='ocrx_word' id='word_1_336' title='bbox 280 3741 315 3804; x_wconf 90' lang='lat' dir='ltr'><strong>in</strong></span> <span class='ocrx_word' id='word_1_337' title='bbox 340 3740 405 3803; x_wconf 89' lang='lat' dir='ltr'><strong>illis</strong></span> <span class='ocrx_word' id='word_1_338' title='bbox 427 3739 636 3803; x_wconf 84' lang='lat' dir='ltr'><strong>comitatibus</strong></span> <span class='ocrx_word' id='word_1_339' title='bbox 659 3747 717 3803; x_wconf 90' lang='lat' dir='ltr'><strong>aut</strong></span> <span class='ocrx_word' id='word_1_340' title='bbox 739 3737 941 3803; x_wconf 88' lang='lat' dir='ltr'><strong>dioeeesibus</strong></span> <span class='ocrx_word' id='word_1_341' title='bbox 964 3740 1157 3805; x_wconf 86' lang='lat' dir='ltr'><strong>vacantibus</strong></span> <span class='ocrx_word' id='word_1_342' title='bbox 1182 3751 1242 3807; x_wconf 88' lang='lat' dir='ltr'><strong>aut</strong></span> 
     </span>
     <span class='ocr_line' id='line_1_42' title="bbox 88 3824 1241 3913; baseline -0.001 -21"><span class='ocrx_word' id='word_1_343' title='bbox 88 3826 282 3913; x_wconf 89' lang='lat' dir='ltr'><strong>hujusmodi</strong></span> <span class='ocrx_word' id='word_1_344' title='bbox 312 3826 435 3889; x_wconf 88' lang='lat' dir='ltr'><strong>ibidem</strong></span> <span class='ocrx_word' id='word_1_345' title='bbox 458 3846 522 3888; x_wconf 90' lang='lat' dir='ltr'><strong>non</strong></span> <span class='ocrx_word' id='word_1_346' title='bbox 553 3826 705 3900; x_wconf 87' lang='lat' dir='ltr'><strong>inventis,</strong></span> <span class='ocrx_word' id='word_1_347' title='bbox 732 3833 811 3888; x_wconf 85' lang='lat' dir='ltr'><strong>tunc</strong></span> <span class='ocrx_word' id='word_1_348' title='bbox 832 3825 866 3887; x_wconf 94' lang='lat' dir='ltr'><strong>in</strong></span> <span class='ocrx_word' id='word_1_349' title='bbox 894 3824 966 3887; x_wconf 88' lang='lat' dir='ltr'><strong>aliis</strong></span> <span class='ocrx_word' id='word_1_350' title='bbox 992 3828 1241 3910; x_wconf 74' lang='lat' dir='ltr'><strong>praenominatis</strong></span> 
     </span>
     <span class='ocr_line' id='line_1_43' title="bbox 89 3910 1242 3996; baseline -0.002 -17"><span class='ocrx_word' id='word_1_351' title='bbox 89 3914 294 3979; x_wconf 85' lang='lat' dir='ltr'><strong>dioeeesibus</strong></span> <span class='ocrx_word' id='word_1_352' title='bbox 318 3922 352 3977; x_wconf 89' lang='lat' dir='ltr'><strong>et</strong></span> <span class='ocrx_word' id='word_1_353' title='bbox 371 3911 581 3975; x_wconf 79' lang='lat' dir='ltr'><strong>comitatibus</strong></span> <span class='ocrx_word' id='word_1_354' title='bbox 604 3912 704 3975; x_wconf 87' lang='lat' dir='ltr'><strong>etiam</strong></span> <span class='ocrx_word' id='word_1_355' title='bbox 721 3932 788 3973; x_wconf 91' lang='lat' dir='ltr'><strong>non</strong></span> <span class='ocrx_word' id='word_1_356' title='bbox 804 3910 998 3975; x_wconf 89' lang='lat' dir='ltr'><strong>vacantibus</strong></span> <span class='ocrx_word' id='word_1_357' title='bbox 1020 3911 1184 3996; x_wconf 87' lang='lat' dir='ltr'><strong>eligantur</strong></span> <span class='ocrx_word' id='word_1_358' title='bbox 1206 3919 1242 3976; x_wconf 92' lang='lat' dir='ltr'><strong>et</strong></span> 
     </span>
     <span class='ocr_line' id='line_1_44' title="bbox 90 3995 1241 4082; baseline -0.003 -17"><span class='ocrx_word' id='word_1_359' title='bbox 90 4008 303 4065; x_wconf 89' lang='lat' dir='ltr'><strong>assumantur</strong></span> <span class='ocrx_word' id='word_1_360' title='bbox 331 3996 516 4063; x_wconf 85' lang='lat' dir='ltr'><strong>scholastici</strong></span> <span class='ocrx_word' id='word_1_361' title='bbox 545 3995 721 4062; x_wconf 88' lang='lat' dir='ltr'><strong>seeundum</strong></span> <span class='ocrx_word' id='word_1_362' title='bbox 752 3996 929 4081; x_wconf 85' lang='lat' dir='ltr'><strong>qualitates</strong></span> <span class='ocrx_word' id='word_1_363' title='bbox 958 3996 1143 4082; x_wconf 83' lang='lat' dir='ltr'><strong>praedictas,</strong></span> <span class='ocrx_word' id='word_1_364' title='bbox 1174 4020 1241 4063; x_wconf 89' lang='lat' dir='ltr'><strong>non</strong></span> 
     </span>
     <span class='ocr_line' id='line_1_45' title="bbox 91 4080 1239 4174; baseline -0.003 -24"><span class='ocrx_word' id='word_1_365' title='bbox 91 4086 258 4174; x_wconf 82' lang='lat' dir='ltr'><strong>graduati,</strong></span> <span class='ocrx_word' id='word_1_366' title='bbox 282 4106 319 4149; x_wconf 89' lang='lat' dir='ltr'><strong>ao</strong></span> <span class='ocrx_word' id='word_1_367' title='bbox 344 4082 538 4169; x_wconf 82' lang='lat' dir='ltr'><strong>logicalibus</strong></span> <span class='ocrx_word' id='word_1_368' title='bbox 568 4083 620 4147; x_wconf 88' lang='lat' dir='ltr'><strong>vel</strong></span> <span class='ocrx_word' id='word_1_369' title='bbox 645 4080 804 4167; x_wconf 83' lang='lat' dir='ltr'><strong>sophistis</strong></span> <span class='ocrx_word' id='word_1_370' title='bbox 831 4081 963 4151; x_wconf 83' lang='lat' dir='ltr'><strong>initiati,</strong></span> <span class='ocrx_word' id='word_1_371' title='bbox 984 4082 1038 4145; x_wconf 85' lang='lat' dir='ltr'><strong>vel</strong></span> <span class='ocrx_word' id='word_1_372' title='bbox 1065 4081 1181 4146; x_wconf 87' lang='lat' dir='ltr'><strong>saltem</strong></span> <span class='ocrx_word' id='word_1_373' title='bbox 1203 4085 1239 4147; x_wconf 93' lang='lat' dir='ltr'><strong>in</strong></span> 
     </span>
    </p>
   </div>
   <div class='ocr_carea' id='block_1_3' title="bbox 5 4166 1396 4423">
    <p class='ocr_par' dir='ltr' id='par_1_3' title="bbox 5 4166 1396 4423">
     <span class='ocr_line' id='line_1_46' title="bbox 5 4166 1239 4261; baseline -0.003 -24"><span class='ocrx_word' id='word_1_374' title='bbox 5 4170 14 4211; x_wconf 69' lang='lat'>²</span> <span class='ocrx_word' id='word_1_375' title='bbox 90 4171 305 4261; x_wconf 83' lang='lat' dir='ltr'><strong>grammatica</strong></span> <span class='ocrx_word' id='word_1_376' title='bbox 318 4172 367 4235; x_wconf 83' lang='lat' dir='ltr'><strong>ita</strong></span> <span class='ocrx_word' id='word_1_377' title='bbox 382 4167 504 4235; x_wconf 89' lang='lat' dir='ltr'><strong>eruditi</strong></span> <span class='ocrx_word' id='word_1_378' title='bbox 525 4177 562 4233; x_wconf 91' lang='lat' dir='ltr'><strong>ut</strong></span> <span class='ocrx_word' id='word_1_379' title='bbox 578 4168 619 4231; x_wconf 88' lang='lat' dir='ltr'><strong>ad</strong></span> <span class='ocrx_word' id='word_1_380' title='bbox 640 4166 828 4251; x_wconf 82' lang='lat' dir='ltr'><strong>sophistiam</strong></span> <span class='ocrx_word' id='word_1_381' title='bbox 850 4175 885 4230; x_wconf 91' lang='lat' dir='ltr'><strong>et</strong></span> <span class='ocrx_word' id='word_1_382' title='bbox 901 4166 1102 4232; x_wconf 83' lang='lat' dir='ltr'><strong>dialecticam</strong></span> <span class='ocrx_word' id='word_1_383' title='bbox 1125 4190 1239 4255; x_wconf 89' lang='lat' dir='ltr'><strong>capes-</strong></span> 
     </span>
     <span class='ocr_line' id='line_1_47' title="bbox 90 4252 1240 4340; baseline -0.004 -16"><span class='ocrx_word' id='word_1_384' title='bbox 90 4258 226 4325; x_wconf 88' lang='lat' dir='ltr'><strong>sendam</strong></span> <span class='ocrx_word' id='word_1_385' title='bbox 242 4257 308 4321; x_wconf 89' lang='lat' dir='ltr'><strong>sint</strong></span> <span class='ocrx_word' id='word_1_386' title='bbox 323 4257 402 4321; x_wconf 90' lang='lat' dir='ltr'><strong>satis</strong></span> <span class='ocrx_word' id='word_1_387' title='bbox 414 4254 502 4319; x_wconf 91' lang='lat' dir='ltr'><strong>docti</strong></span> <span class='ocrx_word' id='word_1_388' title='bbox 515 4262 549 4317; x_wconf 91' lang='lat' dir='ltr'><strong>et</strong></span> <span class='ocrx_word' id='word_1_389' title='bbox 563 4254 682 4340; x_wconf 90' lang='lat' dir='ltr'><strong>parati,</strong></span> <span class='ocrx_word' id='word_1_390' title='bbox 696 4261 746 4317; x_wconf 94' lang='lat' dir='ltr'><strong>tot</strong></span> <span class='ocrx_word' id='word_1_391' title='bbox 758 4262 841 4337; x_wconf 78' lang='lat' dir='ltr'><strong>quot</strong></span> <span class='ocrx_word' id='word_1_392' title='bbox 854 4252 898 4316; x_wconf 83' lang='lat' dir='ltr'><strong>ad</strong></span> <span class='ocrx_word' id='word_1_393' title='bbox 908 4253 1091 4338; x_wconf 86' lang='lat' dir='ltr'><strong>plenariam</strong></span> <span class='ocrx_word' id='word_1_394' title='bbox 1104 4255 1240 4340; x_wconf 89' lang='lat' dir='ltr'><strong>supple·</strong></span> 
     </span>
     <span class='ocr_line' id='line_1_48' title="bbox 89 4338 1396 4423; baseline -0.018 -11"><span class='ocrx_word' id='word_1_395' title='bbox 89 4349 213 4413; x_wconf 87' lang='lat' dir='ltr'><strong>tionem</strong></span> <span class='ocrx_word' id='word_1_396' title='bbox 238 4344 383 4407; x_wconf 89' lang='lat' dir='ltr'><strong>locorum</strong></span> <span class='ocrx_word' id='word_1_397' title='bbox 405 4341 591 4405; x_wconf 85' lang='lat' dir='ltr'><strong>vacantium</strong></span> <span class='ocrx_word' id='word_1_398' title='bbox 614 4339 781 4403; x_wconf 85' lang='lat' dir='ltr'><strong>sufficiant.</strong></span> <span class='ocrx_word' id='word_1_399' title='bbox 827 4339 961 4404; x_wconf 77' lang='lat' dir='ltr'><strong>Proviso</strong></span> <span class='ocrx_word' id='word_1_400' title='bbox 984 4339 1100 4423; x_wconf 85' lang='lat' dir='ltr'><strong>primo,</strong></span> <span class='ocrx_word' id='word_1_401' title='bbox 1114 4351 1153 4404; x_wconf 83' lang='lat' dir='ltr'><strong>ut</strong></span> <span class='ocrx_word' id='word_1_402' title='bbox 1172 4338 1396 4405; x_wconf 47' lang='lat' dir='ltr'><strong>dientem</strong></span> 
     </span>
    </p>
   </div>
   <div class='ocr_carea' id='block_1_4' title="bbox 6 4397 1399 4521">
    <p class='ocr_par' dir='ltr' id='par_1_4' title="bbox 6 4397 1399 4521">
     <span class='ocr_line' id='line_1_49' title="bbox 6 4397 1399 4521; baseline -0.014 -18"><span class='ocrx_word' id='word_1_403' title='bbox 6 4476 13 4521; x_wconf 47' lang='grc' dir='ltr'>ι</span> <span class='ocrx_word' id='word_1_404' title='bbox 87 4432 189 4521; x_wconf 90' lang='lat' dir='ltr'><strong>cipuli</strong></span> <span class='ocrx_word' id='word_1_405' title='bbox 204 4428 308 4495; x_wconf 91' lang='lat' dir='ltr'><strong>nostri</strong></span> <span class='ocrx_word' id='word_1_406' title='bbox 321 4427 457 4509; x_wconf 74' lang='lat' dir='ltr'><strong>Collegii</strong></span> <span class='ocrx_word' id='word_1_407' title='bbox 478 4427 631 4491; x_wconf 89' lang='lat' dir='ltr'><strong>omnibus</strong></span> <span class='ocrx_word' id='word_1_408' title='bbox 652 4424 809 4497; x_wconf 87' lang='lat' dir='ltr'><strong>externis,</strong></span> <span class='ocrx_word' id='word_1_409' title='bbox 823 4423 857 4488; x_wconf 93' lang='lat' dir='ltr'><strong>id</strong></span> <span class='ocrx_word' id='word_1_410' title='bbox 876 4431 933 4494; x_wconf 81' lang='lat' dir='ltr'><strong>est</strong></span> <span class='ocrx_word' id='word_1_411' title='bbox 955 4422 1111 4509; x_wconf 84' lang='lat' dir='ltr'><strong>graduati</strong></span> <span class='ocrx_word' id='word_1_412' title='bbox 1137 4397 1399 4501; x_wconf 57' lang='lat' dir='ltr'><strong>uostrissiii&#39;ssdml&#39;</strong></span> 
     </span>
    </p>
   </div>
   <div class='ocr_carea' id='block_1_5' title="bbox 622 4511 1470 4593">
    <p class='ocr_par' dir='ltr' id='par_1_5' title="bbox 622 4511 1470 4593">
     <span class='ocr_line' id='line_1_50' title="bbox 622 4511 1470 4593; baseline -0.019 -20"><span class='ocrx_word' id='word_1_413' title='bbox 622 4512 707 4593; x_wconf 85' lang='grc'>(10.)</span> <span class='ocrx_word' id='word_1_414' title='bbox 1052 4511 1110 4574; x_wconf 79' lang='lat'><strong>02</strong></span> <span class='ocrx_word' id='word_1_415' title='bbox 1250 4511 1358 4570; x_wconf 63' lang='lat' dir='ltr'><strong>murga</strong></span> <span class='ocrx_word' id='word_1_416' title='bbox 1445 4578 1470 4587; x_wconf 76' lang='lat'><strong>-</strong></span> 
     </span>
    </p>
   </div>
   <div class='ocr_carea' id='block_1_6' title="bbox 0 0 1504 4700">
    <p class='ocr_par' dir='ltr' id='par_1_6' title="bbox 0 0 1504 4700">
     <span class='ocr_line' id='line_1_51' title="bbox 0 0 1504 4700; baseline 0 0"><span class='ocrx_word' id='word_1_417' title='bbox 0 0 1504 4700; x_wconf 95' lang='lat' dir='ltr'><strong> </strong></span> 
     </span>
    </p>
   </div>
  </div>
 </body>
</html>
