<?xml version="1.0" encoding="UTF-8"?>
<!DOCTYPE html PUBLIC "-//W3C//DTD XHTML 1.0 Transitional//EN"
    "http://www.w3.org/TR/xhtml1/DTD/xhtml1-transitional.dtd">
<html xmlns="http://www.w3.org/1999/xhtml" xml:lang="en" lang="en">
 <head>
  <title>
</title>
<meta http-equiv="Content-Type" content="text/html;charset=utf-8" />
  <meta name='ocr-system' content='tesseract 3.04.00' />
  <meta name='ocr-capabilities' content='ocr_page ocr_carea ocr_par ocr_line ocrx_word'/>
</head>
<body>
  <div class='ocr_page' id='page_1' title='image "./statutescollege02oxfogoog_0117.png"; bbox 0 0 3000 4700; ppageno 0'>
   <div class='ocr_carea' id='block_1_1' title="bbox 276 196 1227 285">
    <p class='ocr_par' dir='ltr' id='par_1_1' title="bbox 276 196 1227 285">
     <span class='ocr_line' id='line_1_1' title="bbox 276 196 1227 285; baseline -0.004 -19"><span class='ocrx_word' id='word_1_1' title='bbox 276 202 321 266; x_wconf 78' lang='lat'><strong>92</strong></span> <span class='ocrx_word' id='word_1_2' title='bbox 481 197 616 264; x_wconf 66' lang='lat' dir='ltr'><strong>&amp;audes</strong></span> <span class='ocrx_word' id='word_1_3' title='bbox 630 204 671 285; x_wconf 77' lang='lat' dir='ltr'><strong>os</strong></span> <span class='ocrx_word' id='word_1_4' title='bbox 681 200 798 284; x_wconf 73' lang='lat' dir='ltr'><strong>Corpus</strong></span> <span class='ocrx_word' id='word_1_5' title='bbox 816 198 934 264; x_wconf 65' lang='lat' dir='ltr'><strong>Chresti</strong></span> <span class='ocrx_word' id='word_1_6' title='bbox 951 196 1077 282; x_wconf 70' lang='lat' dir='ltr'><strong>Callope,</strong></span> <span class='ocrx_word' id='word_1_7' title='bbox 1098 197 1227 284; x_wconf 76' lang='lat' dir='ltr'><strong>Orsord.</strong></span> 
     </span>
    </p>
   </div>
   <div class='ocr_carea' id='block_1_2' title="bbox 116 358 1433 599">
    <p class='ocr_par' dir='ltr' id='par_1_2' title="bbox 116 358 1433 599">
     <span class='ocr_line' id='line_1_2' title="bbox 279 358 1433 448; baseline -0.005 -21"><span class='ocrx_word' id='word_1_8' title='bbox 279 364 403 428; x_wconf 90' lang='lat' dir='ltr'><strong>tuimus</strong></span> <span class='ocrx_word' id='word_1_9' title='bbox 411 364 535 445; x_wconf 87' lang='lat' dir='ltr'><strong>itaque,</strong></span> <span class='ocrx_word' id='word_1_10' title='bbox 543 361 747 441; x_wconf 81' lang='lat' dir='ltr'><strong>mandentes,</strong></span> <span class='ocrx_word' id='word_1_11' title='bbox 760 370 799 426; x_wconf 91' lang='lat' dir='ltr'><strong>ut</strong></span> <span class='ocrx_word' id='word_1_12' title='bbox 808 361 956 448; x_wconf 88' lang='lat' dir='ltr'><strong>sigillum</strong></span> <span class='ocrx_word' id='word_1_13' title='bbox 965 383 1134 426; x_wconf 88' lang='lat' dir='ltr'><strong>commune</strong></span> <span class='ocrx_word' id='word_1_14' title='bbox 1149 359 1255 426; x_wconf 89' lang='lat' dir='ltr'><strong>nostri</strong></span> <span class='ocrx_word' id='word_1_15' title='bbox 1273 358 1433 445; x_wconf 84' lang='lat' dir='ltr'><strong>Collegii,</strong></span> 
     </span>
     <span class='ocr_line' id='line_1_3' title="bbox 116 445 1432 599; baseline -0.008 -81"><span class='ocrx_word' id='word_1_16' title='bbox 116 460 225 518; x_wconf 80' lang='lat' dir='ltr'><strong>Custody</strong></span> <span class='ocrx_word' id='word_1_17' title='bbox 280 452 382 514; x_wconf 79' lang='lat' dir='ltr'><strong>literae</strong></span> <span class='ocrx_word' id='word_1_18' title='bbox 395 458 543 599; x_wconf 62' lang='lat' dir='ltr'><strong>patentes</strong></span> <span class='ocrx_word' id='word_1_19' title='bbox 559 449 676 536; x_wconf 66' lang='lat' dir='ltr'><strong>Regias</strong></span> <span class='ocrx_word' id='word_1_20' title='bbox 691 448 732 513; x_wconf 87' lang='lat' dir='ltr'><strong>de</strong></span> <span class='ocrx_word' id='word_1_21' title='bbox 748 448 881 513; x_wconf 87' lang='lat' dir='ltr'><strong>licentia</strong></span> <span class='ocrx_word' id='word_1_22' title='bbox 895 445 1058 512; x_wconf 83' lang='lat' dir='ltr'><strong>fundandi</strong></span> <span class='ocrx_word' id='word_1_23' title='bbox 1072 447 1264 532; x_wconf 86' lang='lat' dir='ltr'>Collegium,</span> <span class='ocrx_word' id='word_1_24' title='bbox 1277 457 1310 510; x_wconf 89' lang='lat' dir='ltr'><strong>et</strong></span> <span class='ocrx_word' id='word_1_25' title='bbox 1325 446 1432 530; x_wconf 90' lang='lat' dir='ltr'><strong>origi-</strong></span> 
     </span>
    </p>
   </div>
   <div class='ocr_carea' id='block_1_3' title="bbox 118 519 1435 624">
    <p class='ocr_par' dir='ltr' id='par_1_3' title="bbox 118 519 1435 624">
     <span class='ocr_line' id='line_1_4' title="bbox 118 519 1435 624; baseline -0.008 -20"><span class='ocrx_word' id='word_1_26' title='bbox 118 519 256 624; x_wconf 54' lang='lat' dir='ltr'><strong>fflffissff</strong></span> <span class='ocrx_word' id='word_1_27' title='bbox 280 537 363 600; x_wconf 90' lang='lat' dir='ltr'><strong>ualis</strong></span> <span class='ocrx_word' id='word_1_28' title='bbox 385 559 402 600; x_wconf 89' lang='lat' dir='ltr'><strong>c</strong></span> <span class='ocrx_word' id='word_1_29' title='bbox 426 543 499 600; x_wconf 82' lang='lat' dir='ltr'><strong>arte</strong></span> <span class='ocrx_word' id='word_1_30' title='bbox 519 535 722 601; x_wconf 79' lang='lat' dir='ltr'><strong>fundationis</strong></span> <span class='ocrx_word' id='word_1_31' title='bbox 739 535 842 620; x_wconf 91' lang='lat' dir='ltr'><strong>ipsius</strong></span> <span class='ocrx_word' id='word_1_32' title='bbox 852 533 1003 619; x_wconf 86' lang='lat' dir='ltr'><strong>Collegii,</strong></span> <span class='ocrx_word' id='word_1_33' title='bbox 1020 535 1054 597; x_wconf 92' lang='lat' dir='ltr'><strong>in</strong></span> <span class='ocrx_word' id='word_1_34' title='bbox 1069 532 1211 619; x_wconf 82' lang='lat' dir='ltr'><strong>quedam</strong></span> <span class='ocrx_word' id='word_1_35' title='bbox 1225 543 1435 618; x_wconf 83' lang='lat' dir='ltr'>reponantur</span> 
     </span>
    </p>
   </div>
   <div class='ocr_carea' id='block_1_4' title="bbox 13 619 1438 4495">
    <p class='ocr_par' dir='ltr' id='par_1_4' title="bbox 13 619 1438 1394">
     <span class='ocr_line' id='line_1_5' title="bbox 13 619 1433 709; baseline -0.001 -29"><span class='ocrx_word' id='word_1_36' title='bbox 13 695 18 709; x_wconf 67' lang='lat'><strong>,</strong></span> <span class='ocrx_word' id='word_1_37' title='bbox 118 635 179 681; x_wconf 76' lang='lat' dir='ltr'><strong>seat.</strong></span> <span class='ocrx_word' id='word_1_38' title='bbox 280 635 314 687; x_wconf 86' lang='lat' dir='ltr'><strong>ot</strong></span> <span class='ocrx_word' id='word_1_39' title='bbox 329 621 541 687; x_wconf 79' lang='lat' dir='ltr'><strong>includantur</strong></span> <span class='ocrx_word' id='word_1_40' title='bbox 559 621 687 699; x_wconf 79' lang='lat' dir='ltr'><strong>cistula,</strong></span> <span class='ocrx_word' id='word_1_41' title='bbox 703 621 809 686; x_wconf 89' lang='lat' dir='ltr'><strong>tribus</strong></span> <span class='ocrx_word' id='word_1_42' title='bbox 827 621 906 684; x_wconf 92' lang='lat' dir='ltr'><strong>seris</strong></span> <span class='ocrx_word' id='word_1_43' title='bbox 922 623 1082 684; x_wconf 83' lang='lat' dir='ltr'><strong>obserata.</strong></span> <span class='ocrx_word' id='word_1_44' title='bbox 1129 620 1203 697; x_wconf 84' lang='lat' dir='ltr'><strong>Quo</strong></span> <span class='ocrx_word' id='word_1_45' title='bbox 1216 619 1325 705; x_wconf 88' lang='lat' dir='ltr'><strong>sigillo</strong></span> <span class='ocrx_word' id='word_1_46' title='bbox 1340 639 1433 681; x_wconf 90' lang='lat' dir='ltr'><strong>com-</strong></span> 
     </span>
     <span class='ocr_line' id='line_1_6' title="bbox 280 704 1435 791; baseline -0.003 -20"><span class='ocrx_word' id='word_1_47' title='bbox 280 708 374 772; x_wconf 88' lang='lat' dir='ltr'><strong>muni</strong></span> <span class='ocrx_word' id='word_1_48' title='bbox 385 708 576 772; x_wconf 80' lang='lat' dir='ltr'><strong>mandamus</strong></span> <span class='ocrx_word' id='word_1_49' title='bbox 591 720 629 771; x_wconf 87' lang='lat' dir='ltr'><strong>ut</strong></span> <span class='ocrx_word' id='word_1_50' title='bbox 644 706 727 772; x_wconf 89' lang='lat' dir='ltr'><strong>nihil</strong></span> <span class='ocrx_word' id='word_1_51' title='bbox 738 729 883 791; x_wconf 88' lang='lat' dir='ltr'><strong>unquam</strong></span> <span class='ocrx_word' id='word_1_52' title='bbox 893 706 1056 790; x_wconf 77' lang='lat' dir='ltr'><strong>signetur,</strong></span> <span class='ocrx_word' id='word_1_53' title='bbox 1066 707 1131 770; x_wconf 88' lang='lat' dir='ltr'><strong>nisi</strong></span> <span class='ocrx_word' id='word_1_54' title='bbox 1144 705 1231 788; x_wconf 92' lang='lat' dir='ltr'><strong>quod</strong></span> <span class='ocrx_word' id='word_1_55' title='bbox 1243 713 1321 768; x_wconf 90' lang='lat' dir='ltr'><strong>ante</strong></span> <span class='ocrx_word' id='word_1_56' title='bbox 1332 704 1435 789; x_wconf 82' lang='lat' dir='ltr'><strong>plene</strong></span> 
     </span>
     <span class='ocr_line' id='line_1_7' title="bbox 280 791 1434 881; baseline -0.005 -24"><span class='ocrx_word' id='word_1_57' title='bbox 280 793 472 880; x_wconf 87' lang='lat' dir='ltr'><strong>etapertein</strong></span> <span class='ocrx_word' id='word_1_58' title='bbox 482 793 905 881; x_wconf 85' lang='lat' dir='ltr'><strong>alteroregistro,videlicet,</strong></span> <span class='ocrx_word' id='word_1_59' title='bbox 913 791 1169 870; x_wconf 67' lang='lat' dir='ltr'><strong>indenturam,</strong></span> <span class='ocrx_word' id='word_1_60' title='bbox 1177 791 1434 876; x_wconf 88' lang='lat' dir='ltr'><strong>obligationum,</strong></span> 
     </span>
     <span class='ocr_line' id='line_1_8' title="bbox 282 875 1435 965; baseline -0.003 -23"><span class='ocrx_word' id='word_1_61' title='bbox 282 881 575 964; x_wconf 86' lang='lat' dir='ltr'><strong>acquietantiarum</strong></span> <span class='ocrx_word' id='word_1_62' title='bbox 590 891 624 943; x_wconf 89' lang='lat' dir='ltr'><strong>ct</strong></span> <span class='ocrx_word' id='word_1_63' title='bbox 644 878 842 964; x_wconf 88' lang='lat' dir='ltr'><strong>hujusmodi,</strong></span> <span class='ocrx_word' id='word_1_64' title='bbox 856 878 910 942; x_wconf 92' lang='lat' dir='ltr'><strong>vel</strong></span> <span class='ocrx_word' id='word_1_65' title='bbox 923 878 1065 964; x_wconf 89' lang='lat' dir='ltr'><strong>registro</strong></span> <span class='ocrx_word' id='word_1_66' title='bbox 1079 877 1374 965; x_wconf 83' lang='lat' dir='ltr'><strong>p1·aesentati0num</strong></span> <span class='ocrx_word' id='word_1_67' title='bbox 1390 875 1435 938; x_wconf 85' lang='lat' dir='ltr'><strong>ad</strong></span> 
     </span>
     <span class='ocr_line' id='line_1_9' title="bbox 282 961 1434 1046; baseline -0.002 -20"><span class='ocrx_word' id='word_1_68' title='bbox 282 967 448 1046; x_wconf 86' lang='lat' dir='ltr'><strong>beneficia,</strong></span> <span class='ocrx_word' id='word_1_69' title='bbox 470 966 713 1045; x_wconf 83' lang='lat' dir='ltr'><strong>admissionum,</strong></span> <span class='ocrx_word' id='word_1_70' title='bbox 739 966 933 1030; x_wconf 85' lang='lat' dir='ltr'><strong>electionum</strong></span> <span class='ocrx_word' id='word_1_71' title='bbox 956 973 990 1028; x_wconf 88' lang='lat' dir='ltr'><strong>et</strong></span> <span class='ocrx_word' id='word_1_72' title='bbox 1013 964 1129 1028; x_wconf 85' lang='lat' dir='ltr'><strong>talium</strong></span> <span class='ocrx_word' id='word_1_73' title='bbox 1155 963 1319 1046; x_wconf 88' lang='lat' dir='ltr'><strong>(volumus</strong></span> <span class='ocrx_word' id='word_1_74' title='bbox 1343 961 1434 1025; x_wconf 91' lang='lat' dir='ltr'><strong>enim</strong></span> 
     </span>
     <span class='ocr_line' id='line_1_10' title="bbox 283 1049 1437 1136; baseline -0.005 -20"><span class='ocrx_word' id='word_1_75' title='bbox 283 1053 403 1116; x_wconf 89' lang='lat' dir='ltr'><strong>babere</strong></span> <span class='ocrx_word' id='word_1_76' title='bbox 417 1053 509 1135; x_wconf 90' lang='lat' dir='ltr'><strong>duo),</strong></span> <span class='ocrx_word' id='word_1_77' title='bbox 526 1052 698 1127; x_wconf 74' lang='lat' dir='ltr'><strong>scribatur,</strong></span> <span class='ocrx_word' id='word_1_78' title='bbox 712 1059 747 1115; x_wconf 90' lang='lat' dir='ltr'><strong>et</strong></span> <span class='ocrx_word' id='word_1_79' title='bbox 761 1074 834 1116; x_wconf 91' lang='lat' dir='ltr'><strong>cum</strong></span> <span class='ocrx_word' id='word_1_80' title='bbox 849 1051 988 1136; x_wconf 86' lang='lat' dir='ltr'><strong>registro</strong></span> <span class='ocrx_word' id='word_1_81' title='bbox 1005 1051 1039 1114; x_wconf 90' lang='lat' dir='ltr'><strong>in</strong></span> <span class='ocrx_word' id='word_1_82' title='bbox 1053 1049 1169 1114; x_wconf 86' lang='lat' dir='ltr'><strong>sacello</strong></span> <span class='ocrx_word' id='word_1_83' title='bbox 1184 1049 1328 1134; x_wconf 89' lang='lat' dir='ltr'><strong>Collegii</strong></span> <span class='ocrx_word' id='word_1_84' title='bbox 1349 1049 1437 1132; x_wconf 91' lang='lat' dir='ltr'><strong>pub·</strong></span> 
     </span>
     <span class='ocr_line' id='line_1_11' title="bbox 283 1135 1436 1236; baseline -0.003 -34"><span class='ocrx_word' id='word_1_85' title='bbox 283 1139 343 1203; x_wconf 90' lang='lat' dir='ltr'><strong>lice</strong></span> <span class='ocrx_word' id='word_1_86' title='bbox 357 1139 541 1204; x_wconf 82' lang='lat' dir='ltr'><strong>conferatur</strong></span> <span class='ocrx_word' id='word_1_87' title='bbox 556 1148 591 1201; x_wconf 88' lang='lat' dir='ltr'><strong>ct</strong></span> <span class='ocrx_word' id='word_1_88' title='bbox 605 1139 803 1224; x_wconf 84' lang='lat' dir='ltr'><strong>perlegatur,</strong></span> <span class='ocrx_word' id='word_1_89' title='bbox 827 1159 863 1200; x_wconf 91' lang='lat' dir='ltr'><strong>ac</strong></span> <span class='ocrx_word' id='word_1_90' title='bbox 885 1158 944 1236; x_wconf 88' lang='lat' dir='ltr'><strong>por</strong></span> <span class='ocrx_word' id='word_1_91' title='bbox 967 1135 1201 1202; x_wconf 78' lang='lat' dir='ltr'><strong>Prasideutem</strong></span> <span class='ocrx_word' id='word_1_92' title='bbox 1224 1143 1258 1199; x_wconf 89' lang='lat' dir='ltr'><strong>et</strong></span> <span class='ocrx_word' id='word_1_93' title='bbox 1270 1139 1436 1218; x_wconf 86' lang='lat' dir='ltr'><strong>majorem</strong></span> 
     </span>
     <span class='ocr_line' id='line_1_12' title="bbox 282 1219 1438 1311; baseline -0.006 -22"><span class='ocrx_word' id='word_1_94' title='bbox 282 1226 573 1311; x_wconf 77' lang='lat' dir='ltr'><strong>partem&#39;omnium,</strong></span> <span class='ocrx_word' id='word_1_95' title='bbox 582 1236 619 1287; x_wconf 94' lang='lat' dir='ltr'><strong>ut</strong></span> <span class='ocrx_word' id='word_1_96' title='bbox 629 1225 809 1310; x_wconf 70' lang='lat' dir='ltr'><strong>prefertur,</strong></span> <span class='ocrx_word' id='word_1_97' title='bbox 822 1223 988 1286; x_wconf 79' lang='lat' dir='ltr'><strong>Sociorum</strong></span> <span class='ocrx_word' id='word_1_98' title='bbox 997 1245 1096 1308; x_wconf 90' lang='lat' dir='ltr'><strong>super</strong></span> <span class='ocrx_word' id='word_1_99' title='bbox 1105 1219 1295 1307; x_wconf 87' lang='lat' dir='ltr'><strong>hujusmodi</strong></span> <span class='ocrx_word' id='word_1_100' title='bbox 1308 1219 1438 1305; x_wconf 87' lang='lat' dir='ltr'><strong>scripto</strong></span> 
     </span>
     <span class='ocr_line' id='line_1_13' title="bbox 282 1307 1434 1394; baseline -0.008 -20"><span class='ocrx_word' id='word_1_101' title='bbox 282 1319 410 1376; x_wconf 87' lang='lat' dir='ltr'><strong>mature</strong></span> <span class='ocrx_word' id='word_1_102' title='bbox 424 1310 638 1376; x_wconf 91' lang='lat' dir='ltr'><strong>communiter</strong></span> <span class='ocrx_word' id='word_1_103' title='bbox 654 1309 869 1374; x_wconf 86' lang='lat' dir='ltr'><strong>deliberatum</strong></span> <span class='ocrx_word' id='word_1_104' title='bbox 884 1309 928 1372; x_wconf 91' lang='lat' dir='ltr'><strong>sit</strong></span> <span class='ocrx_word' id='word_1_105' title='bbox 941 1318 974 1373; x_wconf 92' lang='lat' dir='ltr'><strong>et</strong></span> <span class='ocrx_word' id='word_1_106' title='bbox 987 1331 1047 1394; x_wconf 90' lang='lat' dir='ltr'><strong>per</strong></span> <span class='ocrx_word' id='word_1_107' title='bbox 1058 1307 1190 1372; x_wconf 89' lang='lat' dir='ltr'><strong>eosdem</strong></span> <span class='ocrx_word' id='word_1_108' title='bbox 1200 1310 1434 1394; x_wconf 83' lang='lat' dir='ltr'><strong>approbatum.</strong></span> 
     </span>
    </p>

    <p class='ocr_par' dir='ltr' id='par_1_5' title="bbox 234 1393 1437 4495">
     <span class='ocr_line' id='line_1_14' title="bbox 234 1393 1437 1482; baseline -0.003 -22"><span class='ocrx_word' id='word_1_109' title='bbox 234 1395 238 1399; x_wconf 67' lang='grc'><em>’</em></span> <span class='ocrx_word' id='word_1_110' title='bbox 284 1395 324 1460; x_wconf 92' lang='lat' dir='ltr'><strong>ln</strong></span> <span class='ocrx_word' id='word_1_111' title='bbox 347 1419 486 1480; x_wconf 92' lang='lat' dir='ltr'><strong>quorum</strong></span> <span class='ocrx_word' id='word_1_112' title='bbox 503 1395 687 1482; x_wconf 83' lang='lat' dir='ltr'><strong>praesentia,</strong></span> <span class='ocrx_word' id='word_1_113' title='bbox 704 1396 828 1460; x_wconf 90' lang='lat' dir='ltr'><strong>dictum</strong></span> <span class='ocrx_word' id='word_1_114' title='bbox 851 1416 1020 1459; x_wconf 90' lang='lat' dir='ltr'><strong>commune</strong></span> <span class='ocrx_word' id='word_1_115' title='bbox 1035 1394 1183 1480; x_wconf 86' lang='lat' dir='ltr'><strong>sigillum</strong></span> <span class='ocrx_word' id='word_1_116' title='bbox 1198 1416 1218 1457; x_wconf 87' lang='lat' dir='ltr'><strong>a</strong></span> <span class='ocrx_word' id='word_1_117' title='bbox 1231 1414 1335 1478; x_wconf 84' lang='lat' dir='ltr'><strong>parva</strong></span> <span class='ocrx_word' id='word_1_118' title='bbox 1350 1393 1437 1456; x_wconf 84' lang='lat' dir='ltr'><strong>cista</strong></span> 
     </span>
     <span class='ocr_line' id='line_1_15' title="bbox 282 1479 1436 1568; baseline -0.003 -23"><span class='ocrx_word' id='word_1_119' title='bbox 282 1482 448 1568; x_wconf 77' lang='lat' dir='ltr'><strong>praedicta,</strong></span> <span class='ocrx_word' id='word_1_120' title='bbox 458 1483 492 1546; x_wconf 91' lang='lat' dir='ltr'><strong>in</strong></span> <span class='ocrx_word' id='word_1_121' title='bbox 504 1483 584 1546; x_wconf 91' lang='lat' dir='ltr'><strong>dicti</strong></span> <span class='ocrx_word' id='word_1_122' title='bbox 596 1482 741 1568; x_wconf 88' lang='lat' dir='ltr'><strong>Collegii</strong></span> <span class='ocrx_word' id='word_1_123' title='bbox 753 1481 879 1559; x_wconf 86' lang='lat' dir='ltr'><strong>sacello,</strong></span> <span class='ocrx_word' id='word_1_124' title='bbox 891 1490 925 1545; x_wconf 88' lang='lat' dir='ltr'><strong>et</strong></span> <span class='ocrx_word' id='word_1_125' title='bbox 940 1503 1004 1544; x_wconf 92' lang='lat' dir='ltr'><strong>non</strong></span> <span class='ocrx_word' id='word_1_126' title='bbox 1017 1482 1097 1546; x_wconf 85' lang='lat' dir='ltr'><strong>alias</strong></span> <span class='ocrx_word' id='word_1_127' title='bbox 1111 1489 1169 1544; x_wconf 88' lang='lat' dir='ltr'><strong>aut</strong></span> <span class='ocrx_word' id='word_1_128' title='bbox 1182 1479 1262 1542; x_wconf 87' lang='lat' dir='ltr'><strong>alibi</strong></span> <span class='ocrx_word' id='word_1_129' title='bbox 1275 1502 1436 1562; x_wconf 87' lang='lat' dir='ltr'><strong>unquam,</strong></span> 
     </span>
     <span class='ocr_line' id='line_1_16' title="bbox 282 1565 1437 1654; baseline -0.006 -21"><span class='ocrx_word' id='word_1_130' title='bbox 282 1567 469 1654; x_wconf 85' lang='lat' dir='ltr'><strong>aperienda,</strong></span> <span class='ocrx_word' id='word_1_131' title='bbox 506 1576 699 1646; x_wconf 85' lang='lat' dir='ltr'><strong>extractum,</strong></span> <span class='ocrx_word' id='word_1_132' title='bbox 728 1567 918 1654; x_wconf 89' lang='lat' dir='ltr'><strong>hujusmodi</strong></span> <span class='ocrx_word' id='word_1_133' title='bbox 954 1567 1074 1654; x_wconf 89' lang='lat' dir='ltr'><strong>scripto</strong></span> <span class='ocrx_word' id='word_1_134' title='bbox 1104 1574 1297 1653; x_wconf 89' lang='lat' dir='ltr'><strong>apponatur.</strong></span> <span class='ocrx_word' id='word_1_135' title='bbox 1346 1565 1437 1627; x_wconf 83' lang='lat' dir='ltr'><strong>Aliae</strong></span> 
     </span>
     <span class='ocr_line' id='line_1_17' title="bbox 283 1651 1435 1740; baseline -0.003 -24"><span class='ocrx_word' id='word_1_136' title='bbox 283 1663 395 1717; x_wconf 86' lang='lat' dir='ltr'><strong>autem</strong></span> <span class='ocrx_word' id='word_1_137' title='bbox 415 1654 521 1718; x_wconf 84' lang='lat' dir='ltr'><strong>literae</strong></span> <span class='ocrx_word' id='word_1_138' title='bbox 536 1676 745 1740; x_wconf 71' lang='lat' dir='ltr'><strong>quaeeunque,</strong></span> <span class='ocrx_word' id='word_1_139' title='bbox 761 1653 992 1739; x_wconf 80' lang='lat' dir='ltr'><strong>obligationes,</strong></span> <span class='ocrx_word' id='word_1_140' title='bbox 1008 1654 1192 1716; x_wconf 84' lang='lat' dir='ltr'><strong>indenturae</strong></span> <span class='ocrx_word' id='word_1_141' title='bbox 1211 1652 1280 1715; x_wconf 85' lang='lat' dir='ltr'><strong>sive</strong></span> <span class='ocrx_word' id='word_1_142' title='bbox 1298 1651 1435 1736; x_wconf 87' lang='lat' dir='ltr'><strong>scripta,</strong></span> 
     </span>
     <span class='ocr_line' id='line_1_18' title="bbox 284 1737 1436 1825; baseline -0.002 -23"><span class='ocrx_word' id='word_1_143' title='bbox 284 1745 503 1825; x_wconf 86' lang='lat' dir='ltr'><strong>cujuscunque</strong></span> <span class='ocrx_word' id='word_1_144' title='bbox 514 1741 647 1817; x_wconf 90' lang='lat' dir='ltr'><strong>tenoris,</strong></span> <span class='ocrx_word' id='word_1_145' title='bbox 663 1761 896 1824; x_wconf 88' lang='lat' dir='ltr'><strong>quocunqueve</strong></span> <span class='ocrx_word' id='word_1_146' title='bbox 911 1740 1040 1803; x_wconf 90' lang='lat' dir='ltr'><strong>nomine</strong></span> <span class='ocrx_word' id='word_1_147' title='bbox 1056 1747 1256 1808; x_wconf 87' lang='lat' dir='ltr'><strong>censeantur,</strong></span> <span class='ocrx_word' id='word_1_148' title='bbox 1274 1737 1436 1823; x_wconf 85' lang='lat' dir='ltr'><strong>proedicto</strong></span> 
     </span>
     <span class='ocr_line' id='line_1_19' title="bbox 283 1823 1437 1913; baseline -0.003 -24"><span class='ocrx_word' id='word_1_149' title='bbox 283 1827 444 1890; x_wconf 90' lang='lat' dir='ltr'><strong>communi</strong></span> <span class='ocrx_word' id='word_1_150' title='bbox 465 1826 577 1913; x_wconf 88' lang='lat' dir='ltr'><strong>sigillo</strong></span> <span class='ocrx_word' id='word_1_151' title='bbox 602 1827 697 1890; x_wconf 89' lang='lat' dir='ltr'><strong>aliter</strong></span> <span class='ocrx_word' id='word_1_152' title='bbox 721 1834 780 1890; x_wconf 86' lang='lat' dir='ltr'><strong>aut</strong></span> <span class='ocrx_word' id='word_1_153' title='bbox 803 1825 883 1888; x_wconf 88' lang='lat' dir='ltr'><strong>alibi</strong></span> <span class='ocrx_word' id='word_1_154' title='bbox 896 1825 1051 1910; x_wconf 77' lang='lat' dir='ltr'><strong>sigillata,</strong></span> <span class='ocrx_word' id='word_1_155' title='bbox 1066 1827 1154 1890; x_wconf 90' lang='lat' dir='ltr'><strong>omni</strong></span> <span class='ocrx_word' id='word_1_156' title='bbox 1168 1834 1301 1889; x_wconf 88' lang='lat' dir='ltr'><strong>careant</strong></span> <span class='ocrx_word' id='word_1_157' title='bbox 1317 1823 1437 1887; x_wconf 89' lang='lat' dir='ltr'><strong>robore</strong></span> 
     </span>
     <span class='ocr_line' id='line_1_20' title="bbox 284 1910 1436 1998; baseline 0.002 -24"><span class='ocrx_word' id='word_1_158' title='bbox 284 1913 458 1985; x_wconf 86' lang='lat' dir='ltr'><strong>firmitatis,</strong></span> <span class='ocrx_word' id='word_1_159' title='bbox 473 1919 592 1997; x_wconf 71' lang='lat' dir='ltr'><strong>praeter</strong></span> <span class='ocrx_word' id='word_1_160' title='bbox 605 1912 717 1977; x_wconf 88' lang='lat' dir='ltr'><strong>literas</strong></span> <span class='ocrx_word' id='word_1_161' title='bbox 732 1921 770 1976; x_wconf 92' lang='lat' dir='ltr'><strong>ut</strong></span> <span class='ocrx_word' id='word_1_162' title='bbox 785 1911 957 1998; x_wconf 82' lang='lat' dir='ltr'><strong>praefertur</strong></span> <span class='ocrx_word' id='word_1_163' title='bbox 973 1911 1014 1975; x_wconf 87' lang='lat' dir='ltr'><strong>de</strong></span> <span class='ocrx_word' id='word_1_164' title='bbox 1032 1912 1191 1978; x_wconf 90' lang='lat' dir='ltr'><strong>electione</strong></span> <span class='ocrx_word' id='word_1_165' title='bbox 1206 1910 1436 1976; x_wconf 80' lang='lat' dir='ltr'><strong>Praesidentis.</strong></span> 
     </span>
     <span class='ocr_line' id='line_1_21' title="bbox 284 1996 1436 2084; baseline -0.001 -23"><span class='ocrx_word' id='word_1_166' title='bbox 284 1999 328 2062; x_wconf 84' lang='lat' dir='ltr'><strong>Et</strong></span> <span class='ocrx_word' id='word_1_167' title='bbox 354 1999 383 2062; x_wconf 89' lang='lat' dir='ltr'><strong>si</strong></span> <span class='ocrx_word' id='word_1_168' title='bbox 406 2021 498 2063; x_wconf 89' lang='lat' dir='ltr'><strong>secus</strong></span> <span class='ocrx_word' id='word_1_169' title='bbox 522 2000 579 2063; x_wconf 85' lang='lat' dir='ltr'><strong>fiat</strong></span> <span class='ocrx_word' id='word_1_170' title='bbox 604 2021 663 2084; x_wconf 90' lang='lat' dir='ltr'><strong>per</strong></span> <span class='ocrx_word' id='word_1_171' title='bbox 692 1997 929 2062; x_wconf 82' lang='lat' dir='ltr'><strong>Praesidentem</strong></span> <span class='ocrx_word' id='word_1_172' title='bbox 960 2006 1017 2062; x_wconf 90' lang='lat' dir='ltr'><strong>aut</strong></span> <span class='ocrx_word' id='word_1_173' title='bbox 1041 1999 1119 2062; x_wconf 84' lang='lat' dir='ltr'><strong>elios</strong></span> <span class='ocrx_word' id='word_1_174' title='bbox 1148 1999 1252 2060; x_wconf 88' lang='lat' dir='ltr'><strong>nostri</strong></span> <span class='ocrx_word' id='word_1_175' title='bbox 1278 1996 1436 2081; x_wconf 86' lang='lat' dir='ltr'><strong>Collegii,</strong></span> 
     </span>
     <span class='ocr_line' id='line_1_22' title="bbox 283 2083 1435 2170; baseline -0.002 -22"><span class='ocrx_word' id='word_1_176' title='bbox 283 2107 395 2148; x_wconf 88' lang='lat' dir='ltr'><strong>omnes</strong></span> <span class='ocrx_word' id='word_1_177' title='bbox 421 2093 455 2148; x_wconf 88' lang='lat' dir='ltr'><strong>et</strong></span> <span class='ocrx_word' id='word_1_178' title='bbox 478 2083 624 2170; x_wconf 86' lang='lat' dir='ltr'><strong>singulos</strong></span> <span class='ocrx_word' id='word_1_179' title='bbox 651 2085 709 2168; x_wconf 93' lang='lat' dir='ltr'><strong>qui</strong></span> <span class='ocrx_word' id='word_1_180' title='bbox 733 2094 846 2148; x_wconf 87' lang='lat' dir='ltr'><strong>contra</strong></span> <span class='ocrx_word' id='word_1_181' title='bbox 871 2084 1007 2148; x_wconf 87' lang='lat' dir='ltr'><strong>formam</strong></span> <span class='ocrx_word' id='word_1_182' title='bbox 1034 2085 1256 2170; x_wconf 81' lang='lat' dir='ltr'><strong>praescriptam</strong></span> <span class='ocrx_word' id='word_1_183' title='bbox 1282 2083 1435 2168; x_wconf 88' lang='lat' dir='ltr'><strong>sigillum</strong></span> 
     </span>
     <span class='ocr_line' id='line_1_23' title="bbox 282 2169 1437 2256; baseline -0.002 -22"><span class='ocrx_word' id='word_1_184' title='bbox 282 2192 453 2235; x_wconf 89' lang='lat' dir='ltr'><strong>commune</strong></span> <span class='ocrx_word' id='word_1_185' title='bbox 474 2170 668 2256; x_wconf 83' lang='lat' dir='ltr'><strong>praedictum</strong></span> <span class='ocrx_word' id='word_1_186' title='bbox 690 2171 790 2234; x_wconf 92' lang='lat' dir='ltr'><strong>alicui</strong></span> <span class='ocrx_word' id='word_1_187' title='bbox 810 2170 923 2250; x_wconf 81' lang='lat' dir='ltr'><strong>literae,</strong></span> <span class='ocrx_word' id='word_1_188' title='bbox 947 2171 1151 2256; x_wconf 87' lang='lat' dir='ltr'><strong>obligationi,</strong></span> <span class='ocrx_word' id='word_1_189' title='bbox 1166 2169 1351 2233; x_wconf 87' lang='lat' dir='ltr'><strong>indenturae</strong></span> <span class='ocrx_word' id='word_1_190' title='bbox 1374 2192 1437 2232; x_wconf 89' lang='lat' dir='ltr'><strong>seu</strong></span> 
     </span>
     <span class='ocr_line' id='line_1_24' title="bbox 282 2255 1435 2343; baseline -0.002 -23"><span class='ocrx_word' id='word_1_191' title='bbox 282 2258 415 2343; x_wconf 89' lang='lat' dir='ltr'><strong>scripto,</strong></span> <span class='ocrx_word' id='word_1_192' title='bbox 445 2267 503 2319; x_wconf 88' lang='lat' dir='ltr'><strong>aut</strong></span> <span class='ocrx_word' id='word_1_193' title='bbox 529 2257 612 2320; x_wconf 87' lang='lat' dir='ltr'><strong>albae</strong></span> <span class='ocrx_word' id='word_1_194' title='bbox 635 2255 756 2320; x_wconf 77' lang='lat' dir='ltr'><strong>chartae</strong></span> <span class='ocrx_word' id='word_1_195' title='bbox 781 2278 838 2318; x_wconf 90' lang='lat' dir='ltr'><strong>seu</strong></span> <span class='ocrx_word' id='word_1_196' title='bbox 852 2277 1048 2340; x_wconf 90' lang='lat' dir='ltr'><strong>pergameno</strong></span> <span class='ocrx_word' id='word_1_197' title='bbox 1071 2257 1123 2321; x_wconf 87' lang='lat' dir='ltr'><strong>vel</strong></span> <span class='ocrx_word' id='word_1_198' title='bbox 1147 2258 1345 2320; x_wconf 74' lang='lat' dir='ltr'><strong>membranae</strong></span> <span class='ocrx_word' id='word_1_199' title='bbox 1372 2277 1435 2318; x_wconf 86' lang='lat' dir='ltr'><strong>non</strong></span> 
     </span>
     <span class='ocr_line' id='line_1_25' title="bbox 282 2342 1435 2430; baseline -0.002 -24"><span class='ocrx_word' id='word_1_200' title='bbox 282 2344 412 2428; x_wconf 70' lang='lat' dir='ltr'><strong>scriptae</strong></span> <span class='ocrx_word' id='word_1_201' title='bbox 427 2342 617 2427; x_wconf 82' lang='lat' dir='ltr'><strong>cuicunque,</strong></span> <span class='ocrx_word' id='word_1_202' title='bbox 633 2343 854 2430; x_wconf 87' lang='lat' dir='ltr'><strong>apposuerint,</strong></span> <span class='ocrx_word' id='word_1_203' title='bbox 871 2350 904 2406; x_wconf 89' lang='lat' dir='ltr'><strong>et</strong></span> <span class='ocrx_word' id='word_1_204' title='bbox 919 2343 975 2427; x_wconf 91' lang='lat' dir='ltr'><strong>qui</strong></span> <span class='ocrx_word' id='word_1_205' title='bbox 990 2342 1032 2406; x_wconf 88' lang='lat' dir='ltr'><strong>ad</strong></span> <span class='ocrx_word' id='word_1_206' title='bbox 1048 2343 1082 2407; x_wconf 95' lang='lat' dir='ltr'><strong>id</strong></span> <span class='ocrx_word' id='word_1_207' title='bbox 1098 2342 1283 2408; x_wconf 80' lang='lat' dir='ltr'><strong>iaciendum</strong></span> <span class='ocrx_word' id='word_1_208' title='bbox 1299 2365 1435 2405; x_wconf 89' lang='lat' dir='ltr'><strong>consen-</strong></span> 
     </span>
     <span class='ocr_line' id='line_1_26' title="bbox 284 2429 1434 2515; baseline 0 -24"><span class='ocrx_word' id='word_1_209' title='bbox 284 2430 398 2508; x_wconf 91' lang='lat' dir='ltr'><strong>seriut,</strong></span> <span class='ocrx_word' id='word_1_210' title='bbox 413 2438 534 2513; x_wconf 84' lang='lat' dir='ltr'><strong>praeter</strong></span> <span class='ocrx_word' id='word_1_211' title='bbox 549 2451 678 2514; x_wconf 88' lang='lat' dir='ltr'><strong>poenam</strong></span> <span class='ocrx_word' id='word_1_212' title='bbox 695 2429 841 2514; x_wconf 87' lang='lat' dir='ltr'><strong>perjurii,</strong></span> <span class='ocrx_word' id='word_1_213' title='bbox 864 2450 960 2510; x_wconf 88' lang='lat' dir='ltr'><strong>quam</strong></span> <span class='ocrx_word' id='word_1_214' title='bbox 984 2429 1055 2515; x_wconf 89' lang='lat' dir='ltr'><strong>ipso</strong></span> <span class='ocrx_word' id='word_1_215' title='bbox 1079 2429 1164 2493; x_wconf 80' lang='lat' dir='ltr'><strong>facto</strong></span> <span class='ocrx_word' id='word_1_216' title='bbox 1191 2452 1246 2494; x_wconf 89' lang='lat' dir='ltr'><strong>eos</strong></span> <span class='ocrx_word' id='word_1_217' title='bbox 1266 2430 1434 2492; x_wconf 88' lang='lat' dir='ltr'><strong>incurrere</strong></span> 
     </span>
     <span class='ocr_line' id='line_1_27' title="bbox 283 2514 1433 2602; baseline 0.002 -27"><span class='ocrx_word' id='word_1_218' title='bbox 283 2516 440 2586; x_wconf 91' lang='lat' dir='ltr'><strong>volumus,</strong></span> <span class='ocrx_word' id='word_1_219' title='bbox 457 2516 544 2602; x_wconf 90' lang='lat' dir='ltr'><strong>ipsos</strong></span> <span class='ocrx_word' id='word_1_220' title='bbox 568 2516 691 2579; x_wconf 86' lang='lat' dir='ltr'><strong>edicto</strong></span> <span class='ocrx_word' id='word_1_221' title='bbox 711 2514 861 2599; x_wconf 87' lang='lat' dir='ltr'><strong>Collegio</strong></span> <span class='ocrx_word' id='word_1_222' title='bbox 881 2517 1023 2600; x_wconf 85' lang='lat' dir='ltr'><strong>privatos</strong></span> <span class='ocrx_word' id='word_1_223' title='bbox 1047 2515 1114 2579; x_wconf 84' lang='lat' dir='ltr'><strong>fore</strong></span> <span class='ocrx_word' id='word_1_224' title='bbox 1138 2514 1345 2580; x_wconf 89' lang='lat' dir='ltr'><strong>decernimus</strong></span> <span class='ocrx_word' id='word_1_225' title='bbox 1361 2515 1433 2601; x_wconf 88' lang='lat' dir='ltr'><strong>ipso</strong></span> 
     </span>
     <span class='ocr_line' id='line_1_28' title="bbox 283 2601 1434 2689; baseline 0.001 -25"><span class='ocrx_word' id='word_1_226' title='bbox 283 2602 381 2665; x_wconf 84' lang='lat' dir='ltr'><strong>l&#39;acto.</strong></span> <span class='ocrx_word' id='word_1_227' title='bbox 433 2601 491 2679; x_wconf 79' lang='lat' dir='ltr'><strong>Et,</strong></span> <span class='ocrx_word' id='word_1_228' title='bbox 517 2601 741 2679; x_wconf 89' lang='lat' dir='ltr'><strong>nihilominus,</strong></span> <span class='ocrx_word' id='word_1_229' title='bbox 768 2601 810 2663; x_wconf 91' lang='lat' dir='ltr'><strong>ad</strong></span> <span class='ocrx_word' id='word_1_230' title='bbox 845 2601 1107 2665; x_wconf 79' lang='lat' dir='ltr'><strong>satisfaciendum</strong></span> <span class='ocrx_word' id='word_1_231' title='bbox 1147 2625 1207 2689; x_wconf 92' lang='lat' dir='ltr'><strong>pro</strong></span> <span class='ocrx_word' id='word_1_232' title='bbox 1239 2601 1371 2666; x_wconf 88' lang='lat' dir='ltr'><strong>damnis</strong></span> <span class='ocrx_word' id='word_1_233' title='bbox 1401 2610 1434 2665; x_wconf 90' lang='lat' dir='ltr'><strong>et</strong></span> 
     </span>
     <span class='ocr_line' id='line_1_29' title="bbox 283 2686 1434 2773; baseline 0.001 -23"><span class='ocrx_word' id='word_1_234' title='bbox 283 2687 411 2772; x_wconf 89' lang='lat' dir='ltr'><strong>injuriis</strong></span> <span class='ocrx_word' id='word_1_235' title='bbox 426 2688 574 2773; x_wconf 89' lang='lat' dir='ltr'><strong>Collegio</strong></span> <span class='ocrx_word' id='word_1_236' title='bbox 593 2710 632 2751; x_wconf 86' lang='lat' dir='ltr'><strong>ea</strong></span> <span class='ocrx_word' id='word_1_237' title='bbox 647 2688 812 2751; x_wconf 88' lang='lat' dir='ltr'><strong>occasione</strong></span> <span class='ocrx_word' id='word_1_238' title='bbox 836 2686 936 2750; x_wconf 85' lang='lat' dir='ltr'><strong>illotis</strong></span> <span class='ocrx_word' id='word_1_239' title='bbox 963 2709 1019 2751; x_wconf 88' lang='lat' dir='ltr'><strong>seu</strong></span> <span class='ocrx_word' id='word_1_240' title='bbox 1046 2689 1222 2753; x_wconf 86' lang='lat' dir='ltr'><strong>inferendis</strong></span> <span class='ocrx_word' id='word_1_241' title='bbox 1245 2688 1367 2751; x_wconf 84' lang='lat' dir='ltr'><strong>arctius</strong></span> <span class='ocrx_word' id='word_1_242' title='bbox 1386 2712 1434 2751; x_wconf 89' lang='lat' dir='ltr'><strong>re·</strong></span> 
     </span>
     <span class='ocr_line' id='line_1_30' title="bbox 285 2772 1434 2860; baseline 0.002 -25"><span class='ocrx_word' id='word_1_243' title='bbox 285 2781 440 2836; x_wconf 88' lang='lat' dir='ltr'><strong>maneant</strong></span> <span class='ocrx_word' id='word_1_244' title='bbox 456 2774 607 2857; x_wconf 83' lang='lat' dir='ltr'><strong>obligati.</strong></span> <span class='ocrx_word' id='word_1_245' title='bbox 653 2774 697 2837; x_wconf 86' lang='lat' dir='ltr'><strong>Et</strong></span> <span class='ocrx_word' id='word_1_246' title='bbox 719 2772 763 2835; x_wconf 86' lang='lat' dir='ltr'><strong>ad</strong></span> <span class='ocrx_word' id='word_1_247' title='bbox 788 2773 847 2836; x_wconf 90' lang='lat' dir='ltr'><strong>hoc</strong></span> <span class='ocrx_word' id='word_1_248' title='bbox 869 2773 982 2857; x_wconf 82' lang='lat' dir='ltr'><strong>vigore</strong></span> <span class='ocrx_word' id='word_1_249' title='bbox 1001 2776 1103 2837; x_wconf 90' lang='lat' dir='ltr'><strong>nostri</strong></span> <span class='ocrx_word' id='word_1_250' title='bbox 1127 2776 1302 2860; x_wconf 80' lang='lat' dir='ltr'><strong>praesentis</strong></span> <span class='ocrx_word' id='word_1_251' title='bbox 1317 2775 1434 2837; x_wconf 88' lang='lat' dir='ltr'><strong>statuti</strong></span> 
     </span>
     <span class='ocr_line' id='line_1_31' title="bbox 286 2857 1434 2940; baseline 0 -17"><span class='ocrx_word' id='word_1_252' title='bbox 286 2868 470 2925; x_wconf 85' lang='lat' dir='ltr'><strong>teneantur.</strong></span> <span class='ocrx_word' id='word_1_253' title='bbox 516 2860 592 2923; x_wconf 87' lang='lat' dir='ltr'><strong>Sint</strong></span> <span class='ocrx_word' id='word_1_254' title='bbox 606 2860 703 2923; x_wconf 87' lang='lat' dir='ltr'><strong>etiarn</strong></span> <span class='ocrx_word' id='word_1_255' title='bbox 719 2857 791 2921; x_wconf 82' lang='lat' dir='ltr'><strong>duee</strong></span> <span class='ocrx_word' id='word_1_256' title='bbox 805 2858 940 2930; x_wconf 85' lang='lat' dir='ltr'><strong>cistillae,</strong></span> <span class='ocrx_word' id='word_1_257' title='bbox 954 2881 1025 2940; x_wconf 85' lang='lat' dir='ltr'><strong>quae</strong></span> <span class='ocrx_word' id='word_1_258' title='bbox 1040 2863 1127 2924; x_wconf 86' lang='lat' dir='ltr'><strong>eistae</strong></span> <span class='ocrx_word' id='word_1_259' title='bbox 1144 2862 1250 2924; x_wconf 89' lang='lat' dir='ltr'><strong>mutui</strong></span> <span class='ocrx_word' id='word_1_260' title='bbox 1270 2870 1434 2932; x_wconf 85' lang='lat' dir='ltr'><strong>vocentur,</strong></span> 
     </span>
     <span class='ocr_line' id='line_1_32' title="bbox 285 2943 1436 3031; baseline 0.002 -22"><span class='ocrx_word' id='word_1_261' title='bbox 285 2943 421 3031; x_wconf 81' lang='lat' dir='ltr'><strong>quarum</strong></span> <span class='ocrx_word' id='word_1_262' title='bbox 451 2953 587 3029; x_wconf 86' lang='lat' dir='ltr'><strong>utraque</strong></span> <span class='ocrx_word' id='word_1_263' title='bbox 617 2945 723 3009; x_wconf 89' lang='lat' dir='ltr'><strong>tribus</strong></span> <span class='ocrx_word' id='word_1_264' title='bbox 753 2945 830 3008; x_wconf 88' lang='lat' dir='ltr'><strong>seris</strong></span> <span class='ocrx_word' id='word_1_265' title='bbox 858 2946 902 3009; x_wconf 90' lang='lat' dir='ltr'><strong>sit</strong></span> <span class='ocrx_word' id='word_1_266' title='bbox 931 2946 1093 3012; x_wconf 87' lang='lat' dir='ltr'><strong>obserata.</strong></span> <span class='ocrx_word' id='word_1_267' title='bbox 1140 2946 1179 3011; x_wconf 94' lang='lat' dir='ltr'><strong>In</strong></span> <span class='ocrx_word' id='word_1_268' title='bbox 1202 2968 1338 3029; x_wconf 89' lang='lat' dir='ltr'><strong>quarum</strong></span> <span class='ocrx_word' id='word_1_269' title='bbox 1367 2969 1436 3011; x_wconf 86' lang='lat' dir='ltr'><strong>uua</strong></span> 
     </span>
     <span class='ocr_line' id='line_1_33' title="bbox 285 3031 1436 3119; baseline 0 -22"><span class='ocrx_word' id='word_1_270' title='bbox 285 3034 489 3119; x_wconf 87' lang='lat' dir='ltr'><strong>reposuimus</strong></span> <span class='ocrx_word' id='word_1_271' title='bbox 517 3031 674 3097; x_wconf 90' lang='lat' dir='ltr'><strong>ducentas</strong></span> <span class='ocrx_word' id='word_1_272' title='bbox 704 3052 840 3104; x_wconf 87' lang='lat' dir='ltr'><strong>marcas,</strong></span> <span class='ocrx_word' id='word_1_273' title='bbox 875 3032 907 3093; x_wconf 91' lang='lat' dir='ltr'><strong>in</strong></span> <span class='ocrx_word' id='word_1_274' title='bbox 939 3033 1043 3096; x_wconf 86' lang='lat' dir='ltr'><strong>altera</strong></span> <span class='ocrx_word' id='word_1_275' title='bbox 1071 3054 1148 3098; x_wconf 84' lang='lat' dir='ltr'><strong>vero</strong></span> <span class='ocrx_word' id='word_1_276' title='bbox 1176 3043 1322 3097; x_wconf 87' lang='lat' dir='ltr'><strong>centum.</strong></span> <span class='ocrx_word' id='word_1_277' title='bbox 1384 3034 1436 3097; x_wconf 81' lang='lat' dir='ltr'><strong>Ex</strong></span> 
     </span>
     <span class='ocr_line' id='line_1_34' title="bbox 284 3118 1434 3205; baseline 0 -22"><span class='ocrx_word' id='word_1_278' title='bbox 284 3120 401 3202; x_wconf 92' lang='lat' dir='ltr'><strong>quibus</strong></span> <span class='ocrx_word' id='word_1_279' title='bbox 425 3128 564 3205; x_wconf 89' lang='lat' dir='ltr'><strong>possunt</strong></span> <span class='ocrx_word' id='word_1_280' title='bbox 589 3118 849 3201; x_wconf 87' lang='lat' dir='ltr'><strong>Dispensatores,</strong></span> <span class='ocrx_word' id='word_1_281' title='bbox 871 3140 941 3181; x_wconf 90' lang='lat' dir='ltr'><strong>cum</strong></span> <span class='ocrx_word' id='word_1_282' title='bbox 967 3140 1050 3205; x_wconf 89' lang='lat' dir='ltr'><strong>opus</strong></span> <span class='ocrx_word' id='word_1_283' title='bbox 1070 3118 1177 3198; x_wconf 80' lang='lat' dir='ltr'><strong>fuerit,</strong></span> <span class='ocrx_word' id='word_1_284' title='bbox 1203 3118 1335 3183; x_wconf 83' lang='lat' dir='ltr'><strong>edictis</strong></span> <span class='ocrx_word' id='word_1_285' title='bbox 1351 3125 1434 3204; x_wconf 91' lang='lat' dir='ltr'><strong>ejus·</strong></span> 
     </span>
     <span class='ocr_line' id='line_1_35' title="bbox 286 3202 1435 3291; baseline 0 -22"><span class='ocrx_word' id='word_1_286' title='bbox 286 3206 361 3271; x_wconf 91' lang='lat' dir='ltr'><strong>dem</strong></span> <span class='ocrx_word' id='word_1_287' title='bbox 376 3205 508 3269; x_wconf 74' lang='lat' dir='ltr'><strong>cistellae</strong></span> <span class='ocrx_word' id='word_1_288' title='bbox 524 3205 707 3291; x_wconf 86' lang='lat' dir='ltr'><strong>clavigeris,</strong></span> <span class='ocrx_word' id='word_1_289' title='bbox 728 3226 788 3291; x_wconf 90' lang='lat' dir='ltr'><strong>per</strong></span> <span class='ocrx_word' id='word_1_290' title='bbox 807 3202 940 3267; x_wconf 88' lang='lat' dir='ltr'><strong>modum</strong></span> <span class='ocrx_word' id='word_1_291' title='bbox 956 3205 1060 3268; x_wconf 88' lang='lat' dir='ltr'><strong>mutui</strong></span> <span class='ocrx_word' id='word_1_292' title='bbox 1083 3216 1116 3269; x_wconf 90' lang='lat' dir='ltr'><strong>et</strong></span> <span class='ocrx_word' id='word_1_293' title='bbox 1139 3227 1199 3290; x_wconf 90' lang='lat' dir='ltr'><strong>per</strong></span> <span class='ocrx_word' id='word_1_294' title='bbox 1217 3228 1352 3268; x_wconf 80' lang='lat' dir='ltr'><strong>summae</strong></span> <span class='ocrx_word' id='word_1_295' title='bbox 1377 3228 1435 3269; x_wconf 88' lang='lat' dir='ltr'><strong>sua</strong></span> 
     </span>
     <span class='ocr_line' id='line_1_36' title="bbox 283 3289 1432 3377; baseline 0 -22"><span class='ocrx_word' id='word_1_296' title='bbox 283 3294 292 3355; x_wconf 95' lang='lat' dir='ltr'><strong>i</strong></span> <span class='ocrx_word' id='word_1_297' title='bbox 318 3315 425 3356; x_wconf 89' lang='lat' dir='ltr'><strong>sorum</strong></span> <span class='ocrx_word' id='word_1_298' title='bbox 441 3314 541 3356; x_wconf 90' lang='lat' dir='ltr'><strong>manu</strong></span> <span class='ocrx_word' id='word_1_299' title='bbox 554 3294 588 3355; x_wconf 92' lang='lat' dir='ltr'><strong>in</strong></span> <span class='ocrx_word' id='word_1_300' title='bbox 600 3294 729 3377; x_wconf 87' lang='lat' dir='ltr'><strong>magnis</strong></span> <span class='ocrx_word' id='word_1_301' title='bbox 739 3289 924 3354; x_wconf 89' lang='lat' dir='ltr'><strong>indenturis</strong></span> <span class='ocrx_word' id='word_1_302' title='bbox 935 3300 969 3354; x_wconf 91' lang='lat' dir='ltr'><strong>et</strong></span> <span class='ocrx_word' id='word_1_303' title='bbox 984 3291 1123 3376; x_wconf 86' lang='lat' dir='ltr'><strong>registro</strong></span> <span class='ocrx_word' id='word_1_304' title='bbox 1140 3290 1286 3377; x_wconf 85' lang='lat' dir='ltr'><strong>ejusdem</strong></span> <span class='ocrx_word' id='word_1_305' title='bbox 1299 3290 1432 3355; x_wconf 72' lang='lat' dir='ltr'><strong>cistella</strong></span> 
     </span>
     <span class='ocr_line' id='line_1_37' title="bbox 285 3315 1434 3475; baseline -0.002 -32"><span class='ocrx_word' id='word_1_306' title='bbox 285 3315 454 3462; x_wconf 74' lang='lat' dir='ltr'><strong>cirartaeeo</strong></span> <span class='ocrx_word' id='word_1_307' title='bbox 481 3378 736 3464; x_wconf 88' lang='lat' dir='ltr'><strong>inscriptionem,</strong></span> <span class='ocrx_word' id='word_1_308' title='bbox 773 3379 928 3463; x_wconf 86' lang='lat' dir='ltr'><strong>pecunias</strong></span> <span class='ocrx_word' id='word_1_309' title='bbox 962 3377 1112 3475; x_wconf 85' lang='lat' dir='ltr'><strong>accipere.</strong></span> <span class='ocrx_word' id='word_1_310' title='bbox 1157 3378 1247 3451; x_wconf 84' lang='lat' dir='ltr'><strong>Quas</strong></span> <span class='ocrx_word' id='word_1_311' title='bbox 1283 3378 1434 3461; x_wconf 76' lang='lat' dir='ltr'><strong>pecunias</strong></span> 
     </span>
     <span class='ocr_line' id='line_1_38' title="bbox 286 3462 1433 3550; baseline 0.001 -23"><span class='ocrx_word' id='word_1_312' title='bbox 286 3472 400 3529; x_wconf 91' lang='lat' dir='ltr'><strong>mutuo</strong></span> <span class='ocrx_word' id='word_1_313' title='bbox 422 3465 470 3527; x_wconf 85' lang='lat' dir='ltr'><strong>ita</strong></span> <span class='ocrx_word' id='word_1_314' title='bbox 495 3473 655 3550; x_wconf 88' lang='lat' dir='ltr'><strong>acceptas,</strong></span> <span class='ocrx_word' id='word_1_315' title='bbox 679 3464 732 3528; x_wconf 91' lang='lat' dir='ltr'><strong>vel</strong></span> <span class='ocrx_word' id='word_1_316' title='bbox 750 3462 956 3534; x_wconf 88' lang='lat' dir='ltr'><strong>tantundem,</strong></span> <span class='ocrx_word' id='word_1_317' title='bbox 971 3462 1034 3547; x_wconf 86' lang='lat' dir='ltr'><strong>ipsr</strong></span> <span class='ocrx_word' id='word_1_318' title='bbox 1050 3464 1304 3548; x_wconf 86' lang='lat' dir='ltr'><strong>Dispensatores</strong></span> <span class='ocrx_word' id='word_1_319' title='bbox 1320 3466 1352 3526; x_wconf 92' lang='lat' dir='ltr'><strong>in</strong></span> <span class='ocrx_word' id='word_1_320' title='bbox 1369 3463 1433 3528; x_wconf 87' lang='lat' dir='ltr'><strong>line</strong></span> 
     </span>
     <span class='ocr_line' id='line_1_39' title="bbox 285 3548 1431 3635; baseline 0.001 -23"><span class='ocrx_word' id='word_1_321' title='bbox 285 3552 374 3628; x_wconf 87' lang='lat' dir='ltr'><strong>anni,</strong></span> <span class='ocrx_word' id='word_1_322' title='bbox 390 3559 465 3612; x_wconf 88' lang='lat' dir='ltr'><strong>ante</strong></span> <span class='ocrx_word' id='word_1_323' title='bbox 480 3562 665 3635; x_wconf 92' lang='lat' dir='ltr'><strong>computum</strong></span> <span class='ocrx_word' id='word_1_324' title='bbox 682 3570 787 3626; x_wconf 89' lang='lat' dir='ltr'><strong>suurn,</strong></span> <span class='ocrx_word' id='word_1_325' title='bbox 804 3548 898 3610; x_wconf 88' lang='lat' dir='ltr'><strong>dictis</strong></span> <span class='ocrx_word' id='word_1_326' title='bbox 923 3549 1053 3611; x_wconf 90' lang='lat' dir='ltr'><strong>cistellis</strong></span> <span class='ocrx_word' id='word_1_327' title='bbox 1075 3550 1174 3633; x_wconf 89' lang='lat' dir='ltr'><strong>plene</strong></span> <span class='ocrx_word' id='word_1_328' title='bbox 1187 3558 1220 3613; x_wconf 93' lang='lat' dir='ltr'><strong>et</strong></span> <span class='ocrx_word' id='word_1_329' title='bbox 1234 3549 1360 3635; x_wconf 85' lang='lat' dir='ltr'><strong>integre</strong></span> <span class='ocrx_word' id='word_1_330' title='bbox 1382 3572 1431 3613; x_wconf 89' lang='lat' dir='ltr'><strong>re-</strong></span> 
     </span>
     <span class='ocr_line' id='line_1_40' title="bbox 287 3634 1433 3721; baseline 0.003 -25"><span class='ocrx_word' id='word_1_331' title='bbox 287 3636 425 3698; x_wconf 87' lang='lat' dir='ltr'><strong>stituere</strong></span> <span class='ocrx_word' id='word_1_332' title='bbox 441 3643 625 3698; x_wconf 87' lang='lat' dir='ltr'><strong>teneantur.</strong></span> <span class='ocrx_word' id='word_1_333' title='bbox 655 3635 709 3697; x_wconf 87' lang='lat' dir='ltr'><strong>Sit</strong></span> <span class='ocrx_word' id='word_1_334' title='bbox 720 3635 818 3697; x_wconf 90' lang='lat' dir='ltr'><strong>etiam</strong></span> <span class='ocrx_word' id='word_1_335' title='bbox 830 3641 864 3697; x_wconf 91' lang='lat' dir='ltr'><strong>et</strong></span> <span class='ocrx_word' id='word_1_336' title='bbox 874 3634 978 3697; x_wconf 85' lang='lat' dir='ltr'><strong>alters</strong></span> <span class='ocrx_word' id='word_1_337' title='bbox 988 3635 1114 3699; x_wconf 86' lang='lat' dir='ltr'><strong>cistella</strong></span> <span class='ocrx_word' id='word_1_338' title='bbox 1126 3636 1316 3721; x_wconf 85' lang='lat' dir='ltr'><strong>majuscula,</strong></span> <span class='ocrx_word' id='word_1_339' title='bbox 1329 3636 1433 3699; x_wconf 90' lang='lat' dir='ltr'><strong>tribus</strong></span> 
     </span>
     <span class='ocr_line' id='line_1_41' title="bbox 287 3718 1434 3809; baseline 0.001 -24"><span class='ocrx_word' id='word_1_340' title='bbox 287 3721 368 3785; x_wconf 89' lang='lat' dir='ltr'><strong>seris</strong></span> <span class='ocrx_word' id='word_1_341' title='bbox 383 3718 547 3799; x_wconf 88' lang='lat' dir='ltr'><strong>obserata,</strong></span> <span class='ocrx_word' id='word_1_342' title='bbox 561 3722 596 3784; x_wconf 90' lang='lat' dir='ltr'><strong>in</strong></span> <span class='ocrx_word' id='word_1_343' title='bbox 610 3741 675 3801; x_wconf 86' lang='lat' dir='ltr'><strong>qua</strong></span> <span class='ocrx_word' id='word_1_344' title='bbox 688 3728 891 3805; x_wconf 87' lang='lat' dir='ltr'><strong>reponantur</strong></span> <span class='ocrx_word' id='word_1_345' title='bbox 909 3741 1022 3784; x_wconf 89' lang='lat' dir='ltr'><strong>omnes</strong></span> <span class='ocrx_word' id='word_1_346' title='bbox 1070 3723 1190 3785; x_wconf 83' lang='lat' dir='ltr'><strong>ecuniae</strong></span> <span class='ocrx_word' id='word_1_347' title='bbox 1205 3721 1434 3809; x_wconf 89' lang='lat' dir='ltr'><strong>provenientes</strong></span> 
     </span>
     <span class='ocr_line' id='line_1_42' title="bbox 287 3806 1432 3894; baseline 0.001 -23"><span class='ocrx_word' id='word_1_348' title='bbox 287 3808 329 3872; x_wconf 92' lang='lat' dir='ltr'><strong>de</strong></span> <span class='ocrx_word' id='word_1_349' title='bbox 345 3807 571 3871; x_wconf 87' lang='lat' dir='ltr'><strong>excrescentiis</strong></span> <span class='ocrx_word' id='word_1_350' title='bbox 585 3808 853 3883; x_wconf 69' lang='lat' dir='ltr'><strong>communiam,</strong></span> <span class='ocrx_word' id='word_1_351' title='bbox 868 3814 902 3869; x_wconf 89' lang='lat' dir='ltr'><strong>et</strong></span> <span class='ocrx_word' id='word_1_352' title='bbox 916 3828 956 3869; x_wconf 89' lang='lat' dir='ltr'><strong>ex</strong></span> <span class='ocrx_word' id='word_1_353' title='bbox 971 3806 1030 3870; x_wconf 90' lang='lat' dir='ltr'><strong>red</strong></span> <span class='ocrx_word' id='word_1_354' title='bbox 1056 3809 1154 3871; x_wconf 93' lang='lat' dir='ltr'><strong>itibus</strong></span> <span class='ocrx_word' id='word_1_355' title='bbox 1168 3818 1203 3873; x_wconf 90' lang='lat' dir='ltr'><strong>et</strong></span> <span class='ocrx_word' id='word_1_356' title='bbox 1218 3808 1432 3894; x_wconf 88' lang='lat' dir='ltr'><strong>proventibus</strong></span> 
     </span>
     <span class='ocr_line' id='line_1_43' title="bbox 288 3890 1433 3980; baseline 0 -21"><span class='ocrx_word' id='word_1_357' title='bbox 288 3892 441 3979; x_wconf 92' lang='lat' dir='ltr'><strong>Collegii,</strong></span> <span class='ocrx_word' id='word_1_358' title='bbox 469 3893 502 3955; x_wconf 90' lang='lat' dir='ltr'><strong>in</strong></span> <span class='ocrx_word' id='word_1_359' title='bbox 532 3893 597 3955; x_wconf 87' lang='lat' dir='ltr'><strong>fine</strong></span> <span class='ocrx_word' id='word_1_360' title='bbox 621 3894 765 3979; x_wconf 88' lang='lat' dir='ltr'><strong>computi</strong></span> <span class='ocrx_word' id='word_1_361' title='bbox 792 3890 1075 3980; x_wconf 86' lang='lat' dir='ltr'><strong>Dispensatorum.</strong></span> <span class='ocrx_word' id='word_1_362' title='bbox 1131 3894 1213 3971; x_wconf 83' lang='lat' dir='ltr'><strong>Quae</strong></span> <span class='ocrx_word' id='word_1_363' title='bbox 1242 3915 1350 3957; x_wconf 89' lang='lat' dir='ltr'><strong>omnes</strong></span> <span class='ocrx_word' id='word_1_364' title='bbox 1375 3915 1433 3980; x_wconf 90' lang='lat' dir='ltr'><strong>pro</strong></span> 
     </span>
     <span class='ocr_line' id='line_1_44' title="bbox 287 3977 1431 4067; baseline 0 -23"><span class='ocrx_word' id='word_1_365' title='bbox 287 3982 402 4046; x_wconf 90' lang='lat' dir='ltr'><strong>litibus</strong></span> <span class='ocrx_word' id='word_1_366' title='bbox 417 3988 449 4043; x_wconf 90' lang='lat' dir='ltr'><strong>et</strong></span> <span class='ocrx_word' id='word_1_367' title='bbox 462 3978 594 4065; x_wconf 87' lang='lat' dir='ltr'><strong>placitis</strong></span> <span class='ocrx_word' id='word_1_368' title='bbox 615 3977 841 4051; x_wconf 70' lang='lat' dir='ltr'><strong>defendendis</strong></span> <span class='ocrx_word' id='word_1_369' title='bbox 856 4001 979 4043; x_wconf 87' lang='lat' dir='ltr'><strong>necnon</strong></span> <span class='ocrx_word' id='word_1_370' title='bbox 1003 4002 1062 4067; x_wconf 90' lang='lat' dir='ltr'><strong>pro</strong></span> <span class='ocrx_word' id='word_1_371' title='bbox 1085 3980 1346 4065; x_wconf 88' lang='lat' dir='ltr'><strong>possessionibus</strong></span> <span class='ocrx_word' id='word_1_372' title='bbox 1368 4001 1431 4044; x_wconf 87' lang='lat' dir='ltr'><strong>am-</strong></span> 
     </span>
     <span class='ocr_line' id='line_1_45' title="bbox 288 4064 1431 4154; baseline -0.003 -22"><span class='ocrx_word' id='word_1_373' title='bbox 288 4067 459 4154; x_wconf 89' lang='lat' dir='ltr'><strong>plioribus,</strong></span> <span class='ocrx_word' id='word_1_374' title='bbox 476 4066 504 4128; x_wconf 91' lang='lat' dir='ltr'><strong>si</strong></span> <span class='ocrx_word' id='word_1_375' title='bbox 523 4074 683 4153; x_wconf 85' lang='lat' dir='ltr'><strong>oporteat,</strong></span> <span class='ocrx_word' id='word_1_376' title='bbox 705 4065 917 4149; x_wconf 87' lang='lat' dir='ltr'><strong>acquirendis,</strong></span> <span class='ocrx_word' id='word_1_377' title='bbox 932 4066 1093 4139; x_wconf 86' lang='lat' dir='ltr'><strong>tutissime</strong></span> <span class='ocrx_word' id='word_1_378' title='bbox 1107 4073 1347 4131; x_wconf 85' lang='lat' dir='ltr'><strong>conserventur.</strong></span> <span class='ocrx_word' id='word_1_379' title='bbox 1392 4064 1431 4130; x_wconf 92' lang='lat' dir='ltr'><strong>In</strong></span> 
     </span>
     <span class='ocr_line' id='line_1_46' title="bbox 287 4151 1432 4238; baseline -0.003 -19"><span class='ocrx_word' id='word_1_380' title='bbox 287 4154 411 4237; x_wconf 89' lang='lat' dir='ltr'><strong>quasit</strong></span> <span class='ocrx_word' id='word_1_381' title='bbox 427 4175 527 4216; x_wconf 90' lang='lat' dir='ltr'><strong>unum</strong></span> <span class='ocrx_word' id='word_1_382' title='bbox 543 4154 726 4235; x_wconf 85' lang='lat' dir='ltr'><strong>registrum,</strong></span> <span class='ocrx_word' id='word_1_383' title='bbox 737 4153 857 4234; x_wconf 89' lang='lat' dir='ltr'><strong>inquo,</strong></span> <span class='ocrx_word' id='word_1_384' title='bbox 871 4151 906 4214; x_wconf 91' lang='lat' dir='ltr'><strong>in</strong></span> <span class='ocrx_word' id='word_1_385' title='bbox 922 4153 985 4215; x_wconf 89' lang='lat' dir='ltr'><strong>fine</strong></span> <span class='ocrx_word' id='word_1_386' title='bbox 997 4158 1154 4238; x_wconf 88' lang='lat' dir='ltr'><strong>cujusque</strong></span> <span class='ocrx_word' id='word_1_387' title='bbox 1169 4152 1259 4224; x_wconf 88' lang='lat' dir='ltr'><strong>anni,</strong></span> <span class='ocrx_word' id='word_1_388' title='bbox 1273 4152 1432 4216; x_wconf 84' lang='lat' dir='ltr'><strong>scribatur</strong></span> 
     </span>
     <span class='ocr_line' id='line_1_47' title="bbox 288 4238 1429 4323; baseline -0.002 -20"><span class='ocrx_word' id='word_1_389' title='bbox 288 4250 454 4323; x_wconf 87' lang='lat' dir='ltr'><strong>quantum</strong></span> <span class='ocrx_word' id='word_1_390' title='bbox 474 4239 644 4311; x_wconf 86' lang='lat' dir='ltr'><strong>inferatur,</strong></span> <span class='ocrx_word' id='word_1_391' title='bbox 668 4255 890 4322; x_wconf 82' lang='lat' dir='ltr'><strong>quantumque</strong></span> <span class='ocrx_word' id='word_1_392' title='bbox 914 4238 949 4299; x_wconf 92' lang='lat' dir='ltr'><strong>in</strong></span> <span class='ocrx_word' id='word_1_393' title='bbox 969 4260 1010 4301; x_wconf 89' lang='lat' dir='ltr'><strong>ea</strong></span> <span class='ocrx_word' id='word_1_394' title='bbox 1028 4249 1106 4302; x_wconf 89' lang='lat' dir='ltr'><strong>tunc</strong></span> <span class='ocrx_word' id='word_1_395' title='bbox 1131 4238 1359 4316; x_wconf 86' lang='lat' dir='ltr'><strong>contineatur;</strong></span> <span class='ocrx_word' id='word_1_396' title='bbox 1386 4260 1429 4315; x_wconf 85' lang='lat' dir='ltr'><strong>ac,</strong></span> 
     </span>
     <span class='ocr_line' id='line_1_48' title="bbox 288 4323 1430 4407; baseline -0.001 -19"><span class='ocrx_word' id='word_1_397' title='bbox 288 4327 414 4407; x_wconf 89' lang='lat' dir='ltr'><strong>quoties</strong></span> <span class='ocrx_word' id='word_1_398' title='bbox 429 4323 627 4390; x_wconf 77' lang='lat' dir='ltr'><strong>extrahendi</strong></span> <span class='ocrx_word' id='word_1_399' title='bbox 641 4332 788 4389; x_wconf 87' lang='lat' dir='ltr'><strong>occurrat</strong></span> <span class='ocrx_word' id='word_1_400' title='bbox 802 4325 987 4395; x_wconf 87' lang='lat' dir='ltr'><strong>necessitas,</strong></span> <span class='ocrx_word' id='word_1_401' title='bbox 1009 4324 1209 4387; x_wconf 86' lang='lat' dir='ltr'><strong>inscribetur</strong></span> <span class='ocrx_word' id='word_1_402' title='bbox 1232 4345 1359 4387; x_wconf 87' lang='lat' dir='ltr'><strong>summa</strong></span> <span class='ocrx_word' id='word_1_403' title='bbox 1380 4346 1430 4387; x_wconf 89' lang='lat' dir='ltr'><strong>ex·</strong></span> 
     </span>
     <span class='ocr_line' id='line_1_49' title="bbox 290 4408 1431 4495; baseline 0.003 -22"><span class='ocrx_word' id='word_1_404' title='bbox 290 4418 406 4487; x_wconf 86' lang='lat' dir='ltr'><strong>tracta,</strong></span> <span class='ocrx_word' id='word_1_405' title='bbox 422 4433 495 4474; x_wconf 86' lang='lat' dir='ltr'><strong>cum</strong></span> <span class='ocrx_word' id='word_1_406' title='bbox 511 4432 609 4475; x_wconf 83' lang='lat' dir='ltr'><strong>eausa</strong></span> <span class='ocrx_word' id='word_1_407' title='bbox 623 4418 658 4473; x_wconf 88' lang='lat' dir='ltr'><strong>et</strong></span> <span class='ocrx_word' id='word_1_408' title='bbox 670 4409 879 4495; x_wconf 70' lang='lat' dir='ltr'><strong>praesentium</strong></span> <span class='ocrx_word' id='word_1_409' title='bbox 893 4408 1090 4474; x_wconf 85' lang='lat' dir='ltr'><strong>nominibus.</strong></span> <span class='ocrx_word' id='word_1_410' title='bbox 1123 4409 1167 4473; x_wconf 87' lang='lat' dir='ltr'><strong>Et</strong></span> <span class='ocrx_word' id='word_1_411' title='bbox 1182 4408 1431 4495; x_wconf 87' lang='lat' dir='ltr'><strong>uuiuscujusque</strong></span> 
     </span>
    </p>
   </div>
   <div class='ocr_carea' id='block_1_5' title="bbox 0 0 1507 4700">
    <p class='ocr_par' dir='ltr' id='par_1_6' title="bbox 0 0 1507 4700">
     <span class='ocr_line' id='line_1_50' title="bbox 0 0 1507 4700; baseline 0 0"><span class='ocrx_word' id='word_1_412' title='bbox 0 0 1507 4700; x_wconf 95' lang='lat' dir='ltr'><strong> </strong></span> 
     </span>
    </p>
   </div>
  </div>
 </body>
</html>
