3000 4700
89 650 372 728 STATUTES
392 650 460 724 OF
488 648 698 725 CORPUS
727 648 952 726 CHRISTI
981 646 1245 723 COLLEGE.
1357 645 1367 662 ⁶

500 889 733 896 mm.——.-
746 889 839 896 ..n——

89 1062 140 1123 Ao
154 1061 316 1124 honorem
328 1059 557 1144 pretiosissimi
570 1061 714 1148 corporis
731 1060 862 1123 Domini
884 1060 986 1124 nostri
1008 1060 1092 1124 Jasu
1109 1057 1243 1130 Christi,

87 1153 226 1233 ejusque
235 1145 360 1209 Matris
368 1145 597 1232 integerrima,
609 1156 870 1232 caeterorumque
885 1145 1077 1211 Sanctorum
1085 1146 1241 1222 omnium,

86 1234 299 1296 ecclesiarum
308 1231 810 1310 Wintoniensis,Dunelmensis,
822 1232 1051 1297 Bathoniensis
1060 1230 1245 1297 etWellen·

85 1320 137 1397 sis,
150 1341 279 1382 necnon
290 1317 501 1394 Exoniensis,
518 1317 757 1382 cathedralium
773 1328 996 1404 patronorum,
1011 1340 1071 1382 nos
1083 1318 1243 1382 Ricardus

89 1405 171 1483 Fox,
183 1404 295 1468 divina
306 1405 475 1467 vocatione
485 1403 719 1469 Wintoniensis
730 1404 929 1490 Episcopus,
938 1405 1079 1490 Collegii
1089 1404 1138 1468 Co
1179 1403 1244 1468 oris

87 1489 215 1554 Christi
230 1491 263 1552 in
279 1489 504 1554 Universitate
525 1491 704 1555 Oxoniensi
724 1489 886 1567 fundator,
905 1498 1073 1556 extructor
1096 1499 1131 1554 et
1174 1498 1243 1553 ota·

85 1585 145 1650 tor,
159 1577 412 1640 veneratissimo
427 1577 638 1640 sanctissimae
658 1585 689 1642 et
709 1575 888 1640 individuae
911 1577 1088 1642 Trinitatis
1113 1576 1244 1640 nomine

85 1663 250 1732 invocato,
266 1671 381 1726 nostra
403 1660 508 1726 eidem
526 1661 664 1748 collegio
687 1670 813 1726 statuta
835 1663 1052 1743 condidimus,
1076 1672 1111 1728 et
1133 1664 1167 1724 in
1183 1661 1244 1725 hoc

86 1748 243 1834 originali
255 1749 349 1826 libro,
366 1747 411 1812 ad
424 1769 600 1833 perennem
616 1758 651 1812 et
664 1757 858 1834 perpetuam
872 1751 1060 1814 memoriam
1070 1758 1103 1813 et
1115 1747 1243 1812 stabili-

87 1845 203 1913 tatem,
216 1835 461 1920 conscripsimus
478 1843 511 1898 et
533 1834 816 1922 consignavimus;
840 1835 984 1899 adhunc
1000 1835 1132 1899 modum
1150 1835 1183 1898 in
1205 1855 1244 1899 ea

85 1921 230 2008 praefati.

463 2058 620 2141 Praefatio
635 2059 872 2140 defundmone.

134 2167 169 2230 N
173 2187 216 2230 on
232 2166 392 2230 habemus
404 2164 457 2229 hic
470 2167 636 2231 civitatem
651 2173 850 2243 manentem,
869 2172 905 2227 ut
919 2166 965 2228 ait
981 2165 1173 2250 Apostolus,
1183 2166 1243 2230 aad

87 2253 236 2320 futuram
251 2253 448 2338 inquirimus
463 2252 634 2326 caelestem,
659 2253 816 2336 adquam
832 2251 958 2316 facilius
974 2261 1009 2316 et
1030 2252 1168 2316 celerius
1185 2273 1243 2317 uos

65 2405 68 2410 .
87 2339 263 2429 pervenire
278 2362 293 2403 a
339 2360 456 2414 ramus,
473 2340 511 2419 si,
527 2338 603 2403 dum
615 2339 651 2403 in
662 2336 724 2403 hac
737 2339 807 2403 vita
817 2337 1063 2425 peregrinamur
1076 2341 1196 2404 misera
1210 2349 1245 2405 et

89 2425 234 2501 mortali,
249 2361 371 2489 saalim
385 2426 561 2511 erigamus,
584 2423 674 2489 unde
690 2424 867 2489 faciliorem
883 2447 1035 2511 paremus
1049 2448 1241 2503 ascensum3

89 2513 247 2579 dextrum
256 2512 344 2576 latus
360 2511 454 2575 acalae
471 2511 679 2598 appellantes
687 2511 853 2585 virtutem,
866 2512 1032 2577 sinistrum
1042 2534 1123 2577 vero
1137 2515 1242 2576 scien-

89 2601 183 2671 tiam,
214 2598 372 2685 gradibus
400 2598 603 2683 interpositis
633 2598 691 2684 qui
720 2598 871 2683 utrisque
901 2598 1044 2663 serviant
1071 2598 1243 2663 lateribus.

90 2686 233 2751 Habent
255 2686 342 2747 enim
368 2690 508 2769 utraque
531 2683 637 2747 latera
660 2703 737 2746 suos
764 2684 897 2769 gradus,
922 2706 942 2749 a
970 2685 1092 2771 quibus
1122 2694 1180 2749 aut
1209 2686 1243 2749 in

89 2771 161 2835 alta
183 2772 341 2845 levemur,
362 2778 422 2833 aut
443 2770 478 2833 in
493 2769 562 2833 ima
576 2790 776 2856 premamur.
822 2770 894 2833 Noa
917 2772 1039 2855 itaque,
1057 2770 1243 2835 Richardus

93 2855 756 2941 Fox,divinaprovidentiaWintoniensis
767 2856 886 2942 Episco
911 2856 1027 2936 us,hac
1039 2857 1126 2921 acala
1135 2867 1169 2921 et
1178 2859 1242 2944 ipsi

91 2942 207 3009 caelum
229 2942 400 3023 ascendere
413 2951 449 3007 et
461 2940 595 3027 ingredi
607 2942 788 3027 cupientes,
811 2965 848 3005 ac
870 2878 943 3006 aliis
966 2941 1009 3006 ad
1023 2962 1191 3006 ascensum
1207 2952 1242 3007 et

90 3031 278 3116 ingressum
308 3027 496 3113 hujusmodi
522 3027 671 3091 auxiliari
697 3034 731 3093 et
755 3028 930 3091 subvenire
960 3036 1169 3115 expetentes,
1199 3028 1240 3091 de

92 3116 213 3203 opibus
227 3136 312 3201 quas
327 3115 422 3177 nobis
433 3115 529 3177 'Deus
544 3135 585 3176 ex
600 3135 659 3177 sua
673 3113 878 3200 benignitate
894 3114 1049 3197 elargitus
1065 3122 1239 3179 estunam

91 3202 271 3267 alvearium
288 3202 323 3264 in
348 3199 572 3264 Universitate
597 3199 730 3274 oxonii,
760 3198 850 3284 quod
880 3200 1054 3285 collegium
1085 3199 1241 3285 Corporis

93 3287 219 3351 Christi
233 3310 254 3351 a
277 3286 478 3373 pellavimus,
495 3284 714 3358 fundavimus,
730 3286 892 3348 ereximus
906 3294 939 3349 et
955 3285 1185 3363 extruximus3
1207 3286 1241 3349 in

92 3395 161 3461 quo
176 3308 373 3451 scholastici,
396 3371 498 3436 veluti
519 3369 554 3433 in
580 3373 700 3435 aniosac
725 3391 815 3456 apes,
840 3370 910 3435 dies
934 3380 1110 3457 noctesque
1133 3394 1240 3435 ceram

91 3458 136 3525 ad
156 3458 224 3523 Dei
239 3457 395 3523 honorem
410 3464 444 3521 et
466 3392 621 3521 dulcidua
635 3456 733 3521 mella
755 3456 929 3521 conficiant
944 3457 987 3521 ad
1002 3480 1094 3521 suam
1118 3467 1153 3521 et
1168 3460 1241 3522 uni·
1255 3462 1393 3511 mamaea-

91 3566 262 3610 vcrsornm
270 3544 530 3609 Christianorum
543 3541 821 3609 commoditatem:
839 3543 874 3607 in
886 3565 953 3629 quo
964 3544 1115 3619 alveario,
1127 3546 1241 3611 Praesi·
1254 3522 1361 3630 {soffia

91 3630 239 3703 dentem,
249 3631 307 3717 qui
316 3629 442 3695 cacteris
450 3629 575 3716 presit,
588 3629 706 3715 viginti
719 3628 881 3695 scholares
893 3632 960 3695 sive
971 3631 1090 3704 Socios,
1103 3631 1242 3697 totidem
1324 3620 1339 3641 ⁰

90 3716 282 3803 discipulos,
303 3724 371 3781 tres
385 3716 533 3789 lectores,
548 3716 606 3800 qui
621 3718 711 3780 intus
721 3724 913 3801 operentur,
928 3720 1159 3805 unusquisque
1181 3738 1241 3783 suo

90 3803 199 3870 officio
221 3811 257 3867 et
290 3802 415 3874 ordine,
446 3802 481 3866 in
510 3823 606 3865 omne
636 3823 743 3866 aevum
772 3800 922 3867 habitare
950 3806 1177 3869 constituimus
1206 3813 1244 3869 et

90 3890 297 3957 decernimus
306 3910 367 3976 per
380 3894 566 3975 praesentes.
612 3888 673 3966 Ac,
686 3894 860 3974 praeterea,
877 3913 931 3954 sex
943 3892 1053 3956 sacelli
1067 3891 1242 3964 ministros,

89 3998 234 4064 quorum
250 3973 315 4039 duo
330 3975 396 4039 sint
410 3973 606 4052 sacerdotes,
619 3973 685 4038 duo
702 3974 809 4039 clerici
824 3997 891 4039 non
907 3976 1103 4046 sacerdotes,
1122 3974 1244 4047 acoliti,

90 4072 151 4129 aut
168 4064 285 4127 saltem
297 4062 404 4147 prima
418 4068 553 4125 tonsura
564 4060 697 4136 initiati,
712 4060 830 4147 reliqui
844 4082 921 4126 vero
936 4062 1002 4126 duo
1018 4061 1180 4125 choristae.

347 4213 428 4301 Cap.
450 4213 475 4275 l.
500 4214 552 4277 Dc
565 4222 746 4278 statutorum
761 4214 977 4277 commoditate.

132 4324 312 4393 Universae
332 4322 501 4387 hominum
524 4322 687 4399 nationes,
707 4320 852 4404 singulae
871 4320 1060 4405 provinciae,
1085 4320 1245 4394 civitates,

84 4410 225 4501 oppida,
239 4414 320 4497 pagi
334 4409 490 4495 denique,
505 4408 576 4471 suis
590 4418 750 4577 rplguptur
765 4412 800 4468 et
814 4411 1048 4471 conservantur
1061 4404 1202 4550 legibus,
1225 4428 1245 4468 a
