3000 4700
291 205 425 286 Stututes
439 216 481 304 os
493 216 609 303 Ompns
628 216 750 283 Ctesi*
762 215 892 305 Collcpc,
912 223 1042 306 Oqford.
1195 226 1238 295 47

101 394 187 518 Cap.
203 431 258 496 20.
285 413 338 497 De
353 434 468 498 lecturo
483 434 598 500 Billis
612 413 717 520 esque
730 438 920 524 sepositimw,
934 448 964 503 et
978 437 1094 506 latino
1107 440 1225 526 eloquio

579 525 746 588 exercendo.

131 639 189 704 Ab
205 639 277 704 aede
292 639 336 704 ad
351 641 458 704 aulam
483 640 694 719 discedimus,
711 645 880 731 cupientes
904 655 938 710 et
962 647 1027 711 illic
1051 649 1237 734 melligeros

86 746 258 790 conserere
272 725 379 805 flores,
396 728 515 812 quibus
536 729 690 793 studiosae
713 740 748 795 et
771 732 950 818 ingeniosae
990 741 1142 798 assantur
1157 757 1237 822 apes

87 818 122 876 et
132 833 267 897 corpore
277 819 312 876 et
323 815 441 877 anima.
481 813 662 878 Statuimus
675 817 789 899 itaque
804 825 851 894 ut,
866 754 1004 902 singulis
1015 819 1141 899 diebus,
1154 828 1234 884 tem·
1248 845 1321 892 Bibra
1331 848 1357 891 to
1366 847 1400 894 ι),

86 918 167 982 pore
183 897 326 997 prandii,
338 898 638 978 Praesideus,Socii,
653 901 815 966 scholares
830 911 864 967 et
879 903 1040 990 discipuli,
1050 913 1085 968 et
1093 907 1235 970 ministri
1246 905 1399 1010 amusing

88 983 211 1059 saeelh,
226 991 278 1049 tot
291 993 372 1070 quot
388 994 466 1050 tunc
480 987 516 1049 in
532 987 610 1050 aula
633 986 796 1061 afftrerint,
813 989 951 1053 audiant
976 998 1103 1075 partem
1119 991 1235 1055 Bibliae
1290 976 1342 1022 Μ’

19 1097 20 1100 “
86 1069 207 1135 lectam
230 1091 338 1134 coram
362 1071 410 1134 eis
435 1092 492 1157 per
512 1071 654 1152 Sosium,
669 1069 847 1138 scholarem
870 1074 922 1139 vel
942 1075 1151 1162 discipulum,
1171 1097 1235 1141 non

1 1159 2 1164 ’
88 1153 303 1242 Magistrum,
335 1179 355 1222 a
390 1156 591 1223 Praesidente
627 1166 685 1224 aut
721 1159 998 1246 Vicepraesidente
1028 1161 1236 1248 deputatum.

88 1242 194 1327 Cujus
202 1243 334 1306 lectura
343 1242 488 1329 praedicti
500 1263 621 1324 omnes,
632 1267 704 1310 cum
715 1239 846 1310 silentio
861 1246 1042 1332 epulantes,
1058 1249 1238 1333 diligenter

88 1338 120 1392 ot
136 1337 327 1393 reverenter
349 1329 525 1393 intendant
540 1339 574 1395 et
597 1331 792 1410 advertant;
806 1332 900 1396 nulla
922 1331 1004 1397 dum
1024 1334 1145 1420 legitur
1158 1336 1237 1398 mis-

89 1423 204 1478 centes
226 1414 395 1500 colloquia,
416 1414 555 1492 fabulas,
571 1416 736 1490 clamores,
761 1418 857 1490 risus,
879 1418 1052 1493 tumultus,
1077 1423 1238 1506 strepitus

90 1507 151 1564 aut
170 1500 237 1566 alia
258 1501 413 1575 enormia,
428 1500 487 1565 sed
510 1523 549 1566 ea
572 1501 705 1567 lecturae
721 1504 822 1569 verba
844 1511 883 1569 ut
906 1505 1110 1590 spiritualem
1126 1507 1237 1571 cibum

89 1587 306 1651 ruminantes
355 1588 464 1665 Quam
480 1597 610 1673 partem
633 1588 751 1654 lectam
767 1591 919 1654 volumus
936 1600 975 1656 ut
998 1591 1191 1668 Praesideus,
1208 1595 1240 1656 si
1248 1634 1297 1680 anu
1307 1645 1348 1678 ex-

88 1673 183 1751 velit,
193 1680 253 1736 aut
263 1673 349 1736 alius
362 1673 486 1749 Socius,
497 1674 633 1753 Doctor,
644 1675 893 1750 Bacealaureus‚
914 1686 974 1740 aut
993 1677 1148 1742 scholaris
1165 1679 1237 1743 the·
1248 1693 1362 1754 pounueu

89 1758 221 1845 ologiae,
253 1779 288 1821 er
302 1781 375 1822 cnm
387 1758 439 1822 vel
450 1779 489 1822 eo
503 1759 640 1824 absente
652 1783 712 1846 per
725 1751 1046 1848 Vicepraesidentem,
1058 1772 1127 1838 aut,
1138 1764 1237 1829 utris·
1249 1751 1399 1800 afterwards.

89 1867 153 1928 que
171 1845 214 1910 ab
265 1845 456 1908 niversitate
480 1845 685 1925 absentibus,
697 1869 757 1932 per
772 1849 903 1912 Socium
916 1849 1059 1912 maxime
1074 1850 1238 1914 seniorem

89 1941 170 1995 tunc
186 1931 222 1994 in
236 1931 462 1995 Universitate
477 1939 683 2016 praesentem,
695 1933 804 2019 pridie
817 1955 915 2014 quam
931 1942 1116 2017 exponatur
1131 1936 1238 2020 assig-

89 2033 200 2090 natus,
224 2017 347 2095 statim,
375 2017 469 2080 finito
488 2015 638 2104 prandio,
654 2021 714 2081 sub
738 2040 839 2105 poena
857 2019 1054 2103 privationis
1072 2021 1239 2084 convictus

89 2124 318 2189 parmensem,
329 2102 452 2166 ibidem
463 2103 710 2189 interpretetur,
720 2105 879 2190 explanet
887 2110 921 2166 et
936 2111 1090 2188 exponat.
1123 2105 1178 2168 Ita
1189 2113 1240 2185 ut,

90 2189 250 2272 quamdiu
270 2197 411 2271 quatuor
430 2187 578 2274 theologi
599 2197 776 2274 praesentes
793 2189 918 2254 fuerint
938 2189 974 2252 in
1001 2189 1238 2266 Universitate,

90 2275 232 2363 singulis
248 2273 375 2353 diebus
391 2281 450 2339 aut
469 2275 587 2339 saltem
603 2282 720 2359 quater
734 2275 790 2339 vel
802 2274 845 2339 ad
859 2275 968 2339 minus
983 2281 1033 2339 ter
1047 2275 1081 2338 in
1097 2274 1239 2363 singulis
1264 2309 1269 2321 ·

0 2376 1 2381 ’
90 2364 170 2427 anni
189 2362 391 2449 septimanis,
406 2368 624 2447 praeterquam
644 2362 678 2449 in
697 2362 959 2449 Quadragesima
973 2370 1043 2426 tota
1060 2370 1095 2427 et
1108 2362 1239 2429 duabus

89 2448 308 2514 hebdomadis
319 2446 362 2511 ad
376 2447 542 2524 Natalem,
553 2456 588 2512 et
603 2471 671 2513 una
683 2448 890 2514 hebdomada
906 2449 948 2512 ad
964 2447 1100 2528 Pascha,
1112 2472 1181 2513 una
1196 2449 1239 2512 ad

91 2535 306 2601 Pentecosten
328 2534 480 2598 etaltera
502 2534 535 2596 in
556 2532 765 2600 hebdomada
777 2534 855 2599 festi
868 2534 1024 2619 Corporis
1044 2533 1181 2613 Christi,
1204 2543 1239 2599 et

91 2622 223 2686 duabus
238 2620 273 2683 in
289 2629 433 2706 tempore
450 2619 597 2704 computi
610 2621 817 2700 ballivorum,
839 2628 1043 2705 receptorum
1057 2628 1090 2684 et
1107 2620 1238 2706 dispen-

92 2717 249 2784 satorum,
265 2706 301 2770 in
324 2705 473 2792 Collegio
499 2704 640 2791 singulis
663 2706 760 2770 annis
781 2706 933 2785 faciendi,
949 2706 1110 2792 expositio
1127 2708 1238 2794 hujus.-

91 2793 184 2858 modi
199 2802 239 2857 ut
253 2792 428 2881 praefertur
454 2812 581 2876 semper
595 2790 767 2856 habeatur.
813 2790 882 2857 Cui
894 2792 1028 2876 quidem
1041 2792 1236 2878 interpreta-
1249 2798 1401 2845 renovans·

92 2880 178 2944 tioni
192 2879 343 2943 intersint
366 2898 478 2941 omnes
503 2876 588 2940 Socii
611 2876 785 2965 theologiae
801 2877 936 2963 ascripti
958 2878 994 2939 in
1011 2878 1236 2943 Universitate
1248 2859 1400 2974 {ffigw

91 2974 282 3053 praesentes,
297 2964 473 3049 subpoena
488 2964 673 3027 amissionis
687 2964 854 3029 convictus
869 2964 923 3027 sui
936 2984 997 3048 per
1010 2962 1162 3026 triduum
1175 2985 1236 3048 pro
1247 2976 1393 3033 nemeseus

93 3050 236 3138 singulis
259 3074 325 3116 suae
349 3049 506 3114 absentiae
527 3049 663 3125 vicibus,
685 3050 751 3113 nisi
773 3071 815 3114 ex
837 3071 938 3113 eausa
958 3048 1158 3125 rationabili,
1178 3071 1237 3134 per

93 3136 329 3202 Praesidentem
349 3142 408 3201 aut
426 3156 466 3199 eo
486 3135 621 3199 absente
636 3133 947 3223 Vicepraesidentem
963 3142 1030 3211 aut,
1046 3133 1099 3196 his
1121 3134 1235 3216 absen-⁴

92 3224 194 3302 tibus,
211 3223 341 3287 Socium
357 3220 499 3287 maxime
520 3221 690 3299 seniorem,
708 3219 932 3307 approbanda
977 3218 1238 3305 Adjicientesut

91 3330 171 3397 pars
185 3308 244 3373 illa
257 3332 340 3392 qum,
355 3308 464 3390 aliquo
480 3304 534 3371 die
548 3306 601 3370 vel
615 3305 733 3370 diebus
750 3305 875 3387 absque
889 3303 1027 3391 praefata
1041 3304 1236 3389 interpreta-

1 3430 3 3445 ν
91 3397 183 3461 tione
199 3394 402 3472 intermissis,
412 3393 545 3478 legitur,
554 3392 696 3477 singulis
705 3391 826 3455 diebus
840 3390 981 3477 legatur,
994 3410 1163 3473 quousque
1177 3410 1238 3477 per

91 3480 282 3569 hujusmodi
296 3480 602 3565 interpretationem
611 3478 740 3565 integre
755 3476 955 3563 explicatum
971 3486 1188 3625 preterquam
1201 3476 1237 3539 in

92 3590 151 3635 sex
177 3568 368 3653 septimanis
390 3564 565 3651 praedictis,
587 3564 707 3647 quibus
722 3586 794 3650 quae
815 3584 890 3648 pars
916 3562 980 3626 Bib
993 3563 1032 3625 ioe
1048 3562 1180 3648 legatur
1200 3562 1236 3627 in

94 3652 308 3719 Praesidentis
324 3659 381 3716 aut
398 3649 687 3750 Vicepraesidentis
703 3649 837 3713 arbitrio
850 3648 1055 3713 collocamus.
1101 3647 1235 3727 Verum,
1248 3671 1383 3743 eonversa-

1 3742 3 3745 ’
92 3762 136 3806 ne
150 3739 237 3803 muti
253 3736 390 3803 sedeant
404 3744 438 3801 et
452 3737 613 3823 elingues,
624 3736 845 3821 permittimus
860 3744 900 3800 ut
914 3736 950 3798 in
960 3757 1074 3799 mensa
1088 3734 1237 3799 sedentes
1247 3733 1351 3835 22¹1:ss
1383 3792 1391 3800 .

93 3824 245 3891 modesto
265 3831 403 3889 utantur
419 3824 589 3906 colloquio,
605 3830 639 3887 et
654 3844 692 3886 eo
708 3820 871 3885 duntaxat
886 3821 1010 3891 Latino
1031 3821 1085 3886 vel
1101 3822 1215 3885 Graeco
1227 3843 1235 3896 3
1248 3848 1362 3893 munos

94 3935 132 3977 ae
148 3910 191 3975 de
206 3910 272 3975 illis
295 3917 424 3975 tantum
439 3909 491 3973 vel
513 3908 677 3995 praecipue
691 3930 764 3991 quae
787 3906 829 3971 ad
851 3908 1011 3971 virtutem
1031 3916 1066 3972 et
1081 3906 1236 3970 doctriua
1248 3905 1340 3955 arses.

13 4035 18 4047 ‹
95 4006 313 4085 augmentum
341 3996 507 4072 attinent3
534 4006 755 4095 praeterquam
778 3992 857 4056 dum
879 3993 991 4056 Biblia
1011 3993 1150 4077 legatur,
1174 4013 1238 4073 quo

94 4093 246 4170 tempore
268 4103 432 4149 summum
446 4082 653 4169 praecipimus
676 4080 845 4144 silentium
861 4078 903 4142 ab
921 4077 1074 4142 omnibns
1096 4076 1239 4140 discum-

93 4170 253 4236 bentibus
283 4168 457 4234 0bservari.
507 4167 725 4231 Prohibentes
753 4186 796 4229 ue
818 4163 981 4250 quispiam
1010 4161 1240 4248 praedictorum

0 4318 5 4337 ,
95 4258 161 4323 alio
176 4254 304 4339 eloquio
319 4254 373 4319 vel
388 4254 545 4319 idiomate
559 4275 656 4336 quam
671 4250 796 4318 Latino
808 4259 866 4313 aut
879 4250 1005 4322 Graeco,
1019 4248 1084 4312 nisi
1098 4248 1183 4311 forte
1198 4247 1241 4311 ad

95 4350 289 4409 extraneum
312 4348 371 4405 ant
385 4347 453 4405 tam
470 4338 586 4404 Latini
600 4361 698 4424 quam
715 4336 825 4401 Graeci
839 4335 998 4399 sermonis
1016 4334 1023 4347 '
1072 4356 1173 4409 arum,
1188 4332 1242 4397 vel

76 4430 214 4499 ¹saltem
241 4426 390 4493 extranei
413 4425 613 4501 illiterative,
638 4430 696 4491 aut
719 4428 944 4509 computorum
966 4418 1030 4486 Col
1044 4420 1111 4507 egii
1132 4440 1240 4495 eausa
