3000 4700
264 286 307 348 36
466 287 599 352 Statutes
614 287 652 370 of
664 283 781 369 Corpus
800 283 917 348 Christi
935 282 1060 369 Collega,
1082 283 1211 365 Oasord.

263 448 362 534 bujus
378 447 534 535 Collegii,
550 454 584 511 et
600 448 766 511 Sociorum
790 468 826 510 ac
843 445 1039 510 scholarium
1060 444 1235 523 unitatem,
1251 450 1417 529 quantum

264 534 296 595 in
313 534 478 598 maluerit
493 543 525 597 et
541 533 582 596 ad
598 557 651 597 me
692 533 873 611 ertinuerit,
890 532 955 596 viis
970 538 1006 593 et
1019 530 1127 595 modis
1146 531 1269 616 quibus
1290 537 1417 613 potero,

263 619 443 684 observabo
459 630 492 684 et
508 620 551 683 ab
567 619 639 682 aliis
655 556 824 683 observari
846 617 1036 704 procurabo.
1084 618 1180 696 ltem,
1196 617 1225 678 si
1240 616 1418 698 contingat

261 727 314 767 me
332 705 436 787 (quod
453 706 537 770 absit
551 706 720 791 !)propter
733 726 808 768 mea
823 703 993 773 demerita,
1009 701 1191 766 secundum
1206 700 1417 786 exigentiam

253 793 474 875 presentium
499 798 710 864 statutorum,
725 791 768 852 ab
783 789 844 852 hoc
858 789 1011 874 Collegio
1026 787 1152 873 expelli
1165 809 1225 851 seu
1239 785 1416 860 removeri,

259 897 426 958 nunquam
441 877 453 938 i
479 900 551 941 sum
563 877 763 962 Collegium,
772 875 1019 946 Praesidentem,
1030 873 1342 960 Vicepraesideutem
1357 893 1417 934 seu

260 961 402 1044 aliquem
433 899 535 1026 alium
566 961 712 1047 ejusdem
743 961 897 1045 Collegii,
928 960 1092 1023 occasione
1121 959 1325 1043 expulsionis
1355 979 1416 1019 seu

257 1048 448 1112 remotionis
463 1047 661 1134 hujusmodi,
671 1068 859 1132 persequar,
871 1045 1055 1109 molestabo
1071 1068 1130 1108 seu
1140 1043 1343 1126 inquietabo,
1356 1065 1419 1128 per

258 1154 321 1202 me,
338 1135 439 1198 alium
454 1136 505 1198 vel
523 1134 612 1204 alios,
629 1155 688 1196 seu
703 1133 745 1195 ab
762 1133 835 1195 aliis
851 1131 1010 1215 persequi,
1027 1131 1196 1211 molestari
1212 1152 1270 1194 seu
1284 1129 1418 1210 inquie-

258 1219 334 1295 tari,
351 1220 467 1283 faciam
482 1229 539 1283 aut
553 1230 713 1302 quantum
728 1219 762 1281 in
778 1240 830 1281 me
845 1217 945 1280 fuerit
954 1217 1144 1301 permittam
1153 1215 1419 1299 quomodolibet,

260 1303 294 1364 in
311 1305 381 1367 foro
401 1305 612 1369 ecclesiastico
634 1327 693 1368 seu
717 1304 886 1380 saeculari3
915 1303 975 1366 sed
997 1304 1088 1366 omni
1110 1301 1231 1365 actioni
1254 1300 1418 1379 saeculari,

255 1390 420 1453 canonicae
436 1391 491 1455 vel
506 1390 604 1463 civili,
625 1388 904 1476 appellationique
922 1399 955 1452 et
971 1388 1122 1471 querelae,
1140 1409 1177 1452 ac
1191 1387 1420 1470 quarumlibet

258 1474 428 1539 literarum
446 1476 682 1561 impetrationi,
697 1475 851 1561 precibus
870 1475 1070 1560 Principum,
1085 1473 1314 1551 Praelatorum,
1332 1472 1418 1536 Pro-

259 1582 378 1631 cerum,
403 1560 606 1646 Magnetum
632 1567 666 1625 et
688 1562 827 1623 aliorum
852 1581 1129 1644 quorumcunque,
1150 1567 1186 1624 et
1207 1558 1420 1641 quibuslibet

255 1645 343 1730 juris
358 1653 393 1710 et
407 1646 486 1711 facti
505 1646 670 1718 remediis,
684 1667 745 1730 per
760 1668 832 1728 quae
847 1668 901 1709 me
920 1656 1033 1731 petere
1049 1668 1180 1732 possem
1194 1644 1228 1709 in
1244 1646 1419 1730 integrum

260 1731 404 1805 restitui,
427 1732 479 1796 vel
500 1741 661 1814 quantum
686 1732 727 1795 ad
740 1738 797 1818 jus
822 1741 856 1794 et
878 1731 1014 1794 titulum
1038 1753 1099 1796 seu
1118 1731 1357 1818 professionem
1382 1731 1419 1792 in

260 1817 333 1902 ipso
352 1817 504 1903 Collegio
519 1816 724 1881 vendicanda
744 1817 955 1895 reconciliari,
970 1819 1004 1879 in
1021 1818 1086 1880 vim
1102 1817 1193 1902 pecti
1207 1817 1366 1880 renuntio
1382 1817 1419 1879 in

260 1906 424 1988 prasenti,
448 1911 483 1968 et
510 1903 705 1967 renuntiabo
730 1903 767 1965 in
791 1903 930 1989 scriptis,
954 1903 984 1965 si
998 1911 1134 1966 exactus
1156 1903 1259 1980 suero,
1284 1902 1320 1965 in
1341 1922 1419 1966 mea

258 1990 460 2076 expulsione.
500 1989 598 2068 Item,
611 1988 698 2073 quod
709 1989 821 2052 omnia
832 1998 864 2052 et
877 1989 1012 2074 singula
1025 1997 1154 2053 statuta
1166 1988 1245 2052 dicti
1258 1987 1417 2074 Collegii,

255 2084 419 2156 ‘quantum
432 2077 506 2161 ipsa
517 2098 570 2139 me
581 2082 787 2152 concernunt,
799 2074 939 2138 fideliter
949 2076 1130 2138 observabo
1141 2099 1149 2149 ;
1166 2074 1291 2156 alioqui
1299 2096 1419 2158 poenas

259 2161 294 2223 in
310 2163 366 2235 eis,
383 2163 437 2226 vel
451 2161 631 2225 secundum
646 2162 783 2225 formam
800 2169 834 2223 et
848 2160 1049 2244 exigentiam
1065 2160 1256 2236 eorundem,
1271 2159 1418 2224 inflictas

260 2249 332 2310 sine
357 2247 614 2312 contradictione
637 2267 829 2329 quacunque
853 2246 969 2309 subibo
995 2253 1030 2308 et
1053 2245 1220 2309 humiliter
1242 2267 1296 2309 me
1322 2247 1417 2309 subi-

260 2342 373 2398 turum
393 2333 559 2419 promitto.
606 2333 702 2410 Item,
718 2329 808 2414 quod
832 2352 897 2395 non
921 2331 1108 2417 impetrabo
1130 2331 1418 2419 dispensationem

256 2418 406 2502 aliquam
435 2427 548 2483 contra
566 2417 756 2501 juramenta
779 2438 852 2480 mea
881 2418 1046 2504 praedicta,
1071 2418 1120 2481 vel
1144 2430 1258 2482 contra
1286 2425 1419 2484 statuta

261 2513 320 2567 aut
333 2505 480 2588 ipsorum
496 2505 639 2587 aliquam
661 2502 862 2588 particulam,
877 2525 935 2566 nec
958 2503 1202 2588 dispensatione
1224 2504 1420 2592 hujusmodi

256 2608 321 2675 ¹per
332 2612 394 2667 me,
412 2589 512 2653 alium
530 2590 584 2654 vel
600 2589 692 2667 alios,
708 2588 841 2675 publice
856 2589 910 2653 vel
925 2590 1062 2668 occulte,
1072 2589 1261 2675 impetrata,
1273 2591 1377 2653 etiam
1388 2591 1418 2653 si

261 2676 366 2760 gratis
376 2674 670 2739 offerriconcedive
685 2675 868 2775 contigerit,
888 2674 1110 2758 cujuscunque
1125 2676 1225 2739 fuerit
1237 2677 1418 2741 auctorita·

255 2761 316 2829 tis,
332 2782 391 2824 seu
406 2760 606 2847 generaliter
619 2782 679 2824 seu
693 2759 890 2845 specialiter,
904 2762 966 2824 sub
982 2762 1289 2844 quacunqueforma
1299 2764 1418 2827 verbo-

261 2868 336 2909 rum
344 2869 505 2921 concessa,
515 2852 601 2919 utar,
614 2868 674 2909 nec
686 2845 715 2908 ei
724 2845 925 2908 consentiam
940 2846 1163 2928 quovismodo.
1209 2848 1303 2911 Sicut
1319 2848 1417 2913 Deus

262 2952 315 2995 me
337 2931 471 3018 adjuvet
493 2938 527 2996 et
546 2930 615 2995 haec
629 2938 742 2995 sancta
760 2932 822 2993 Dei
837 2930 1033 3016 Evangelia.
1081 2933 1131 2996 De
1145 2954 1210 3015 quo
1221 2934 1416 3019 juramento

259 3038 323 3105 per
337 3018 484 3101 quemvis
509 3039 621 3082 eorum
636 3017 782 3101 praestito
797 3023 830 3078 et
844 3014 938 3090 facto,
957 3018 1092 3099 locoque
1108 3027 1142 3082 ct
1158 3019 1222 3091 die,
1237 3040 1355 3085 mense
1380 3031 1418 3086 et

252 3126 362 3177 anno,
377 3104 596 3190 praestationis
612 3101 759 3189 ejusdem
769 3102 956 3187 juramenti,
971 3104 1059 3167 intra
1073 3102 1220 3169 triduum
1235 3114 1416 3190 postquam

264 3192 448 3280 praestitum
464 3188 793 3274 fuerit,protocollum
809 3188 861 3251 vel
872 3188 1125 3253 instrumentum
1142 3192 1311 3274 publicum
1329 3193 1417 3278 [fieri

263 3275 457 3365 volumus*]
481 3297 543 3361 per
566 3274 752 3343 Notarium,
776 3274 891 3344 locum,
922 3273 1019 3348 diem,
1048 3296 1190 3340 mensem
1217 3285 1252 3342 et
1273 3300 1415 3355 annum,

262 3384 331 3445 quo
344 3386 363 3426 a
376 3362 516 3448 siugulis
525 3359 586 3425 hoc
595 3360 777 3447 praestitum
788 3359 850 3422 fuit
860 3360 1095 3445 juramentum,
1108 3369 1240 3426 aetatem
1252 3371 1417 3450 praeterea
1494 3434 1498 3453 .

263 3449 453 3512 comitatum
469 3453 504 3511 et
526 3445 695 3510 dioecesim·
712 3446 975 3530 uniuscujusque,
998 3468 1058 3532 per
1083 3469 1159 3511 eum
1184 3450 1219 3512 in
1248 3472 1310 3513 suo
1321 3452 1416 3536 jura-

265 3542 379 3597 mento
394 3539 526 3604 asserta,
544 3554 581 3596 ac
596 3532 695 3594 etiam
711 3552 771 3617 pro
794 3552 859 3612 quo
882 3532 1037 3596 comitatu
1054 3532 1105 3596 vel
1129 3533 1262 3598 dioecesi
1284 3536 1417 3601 electus
1495 3557 1498 3564 ’

264 3618 373 3686 fuerit,
397 3618 575 3689 continens,
599 3639 666 3680 una
695 3638 769 3679 cum
792 3616 973 3681 nominibus
1002 3626 1037 3682 et
1064 3621 1315 3704 cognominibus
1346 3630 1416 3687 tam

261 3701 445 3786 jurantium
459 3725 557 3786 quam
573 3724 685 3767 eorum
698 3702 754 3784 qui
770 3700 845 3765 huic
855 3704 1043 3788 juramento
1058 3705 1276 3772 interfuerint.
1314 3709 1417 3782 Quod

264 3788 399 3879 quidem
416 3787 673 3853 instrumentum
688 3788 722 3852 in
740 3788 881 3873 registro
899 3789 1114 3876 perscriptum
1130 3814 1171 3877 pe
1232 3803 1292 3857 tuo
1307 3817 1415 3859 rema-

263 3882 351 3939 neat.
396 3874 433 3938 Si
447 3896 526 3939 vero
541 3897 609 3946 sua.
624 3873 720 3960 culpa
738 3882 797 3937 aut
822 3874 1029 3959 negligentia
1053 3877 1088 3939 in
1114 3815 1308 3963 praeldibtum
1336 3880 1417 3946 Col·

63 4035 66 4041 ·
101 3979 247 4085 pdegpgpiroplf
264 3960 385 4111 legiplrn
403 3971 552 4063 nostrum
570 3969 716 4047 tempore
728 3961 798 4046 jam
815 3958 953 4061 definito
966 3960 1127 4061 admissus
1143 3985 1209 4028 non
1226 3964 1337 4066 fuerit,
1354 3978 1416 4031 aut
1463 4037 1489 4051 ..

99 4098 253 4204 aab&
263 4054 689 4199 lttxt‘llrttttllll
693 4054 1416 4219 .¹{1⁰⁰0¹'.'1t⁸,¹3.‘.5.¹.¹‘;.{tlttssttullltt‘tl

262 4220 344 4284 alius
359 4222 393 4283 in
408 4220 622 4285 locumilluin
647 4241 707 4305 pro
730 4241 770 4282 eo
792 4219 880 4282 intra
903 4240 1048 4282 mensem
1073 4222 1220 4303 proxime
1243 4234 1318 4307 post
1341 4225 1415 4313 lap·

261 4329 333 4369 sum
355 4306 441 4370 illius
457 4306 617 4392 temporis
631 4305 806 4370 trimestris
821 4319 1021 4388 sequentem,
1044 4306 1143 4391 juxta
1165 4308 1304 4374 formam
1319 4311 1416 4397 prius

259 4389 470 4477 descriptam,
484 4392 637 4479 eligatur.

609 4523 624 4554 *
641 4522 719 4572 “lieri
731 4523 946 4573 volumus''-rrot
957 4523 984 4571 in
995 4523 1050 4575 MS.
