3000 4700
323 215 458 281 Statates
470 221 510 302 aff
522 218 639 301 corpus
657 219 776 283 Christi
794 219 917 304 Callope,
939 220 1069 302 Oaford.
1224 218 1268 282 69
1303 289 1308 300 ,

115 373 180 451 vel,
197 376 266 441 illis
279 378 532 459 offendentibus,
552 403 659 445 coram
674 381 879 446 Praesidente
893 393 927 447 et
942 383 1006 446 alio
1023 382 1115 447 Socio
1131 382 1266 461 seniore,

114 466 339 561 cujuscunque
367 467 489 553 gradus
515 478 574 533 aut
600 467 795 532 conditionis
825 468 936 547 fucrit,
965 470 1072 555 prima
1104 469 1173 533 vioe
1208 489 1268 554 per

115 557 343 648 septimanam,
359 552 503 617 secunda
516 577 576 640 per
589 553 800 639 quindenam,
822 555 920 618 tertia
941 576 1001 639 per
1019 577 1172 632 mensem,
1190 563 1267 618 tunc

117 654 270 729 proxime
285 651 478 724 sequentem
494 641 644 704 convictu
660 651 770 704 eareat
791 640 863 726 ipso
880 640 975 704 facto.
1023 641 1090 719 Qui
1105 642 1133 705 si
1148 650 1267 727 quarto

118 739 153 780 m
168 721 286 786 eodem
300 724 352 788 vel
367 725 525 790 consimili
536 726 724 812 deliquerit,
735 727 769 789 in
784 725 844 789 hoc
859 749 935 790 casu
950 749 969 790 a
983 727 1132 812 Collegio
1143 736 1265 803 nostro,

119 811 292 905 praesentis
307 812 417 896 vigore
438 812 567 889 statuti,
586 814 694 897 ipsum
712 813 884 876 exclusum
899 825 931 877 et
946 813 1113 898 privatum
1129 812 1196 876 fore
1210 812 1266 875 de·

116 912 290 959 cernimus.
348 898 550 976 Statuentes,
575 908 743 980 praeterea,
767 922 808 962 ne
833 899 1006 984 quisquam
1034 897 1266 985 praedictorum
1279 911 1385 970 Agunst

118 979 269 1063 sagittet,
287 993 348 1046 aut
366 989 471 1068 jactet
493 982 628 1068 lapides,
668 983 739 1062 ilas,
757 984 857 1070 ligna,
874 994 994 1048 terram
1009 1007 1068 1047 seu
1090 984 1155 1047 alia
1173 1005 1265 1070 quae-
1278 983 1419 1074 {ffithe

117 1085 261 1162 cuteque,
276 1092 334 1132 seu
349 1070 476 1156 aliquos
490 1069 585 1133 ludos
600 1007 774 1154 velpjactus
797 1070 895 1134 faeiat
911 1071 964 1134 vel
979 1080 1135 1146 exerceat,
1152 1092 1209 1133 nec
1224 1069 1266 1132 ab
1280 1085 1387 1145 Collega

120 1148 194 1212 alus
219 1175 258 1216 eo
283 1167 444 1241 praesente
466 1166 626 1242 quantum
650 1157 684 1218 in
706 1178 744 1219 eo
765 1156 866 1221 fuerit
888 1157 958 1222 fieri
973 1156 1156 1242 permittat,
1178 1156 1268 1218 intra

119 1234 309 1324 Collegium
324 1242 528 1326 praedictum,
545 1242 725 1305 claustrum
742 1242 795 1306 vel
805 1241 1091 1324 hortumejusdem
1102 1242 1266 1320 velextra,

118 1342 179 1406 per
193 1346 269 1408 quaa
285 1328 340 1392 vel
355 1351 467 1392 eornm
481 1327 619 1413 aliquod
632 1328 797 1403 sacellum,
814 1329 900 1406 sula,
916 1351 974 1392 seu
989 1329 1105 1391 domus
1124 1327 1197 1391 aliae
1214 1327 1268 1391 vel

119 1406 261 1506 aedificia
275 1412 356 1477 dicti
372 1414 515 1499 Collegii
530 1414 584 1477 vel
598 1413 735 1478 alterius
749 1420 974 1500 cujuscunque
989 1414 1098 1491 vicini,
1114 1415 1149 1477 in
1167 1413 1267 1477 fenes-

119 1503 181 1557 trrs
195 1497 319 1578 vitreis,
334 1501 446 1578 muriS,
459 1500 565 1576 tectis,
581 1500 711 1585 tegulis,
730 1501 784 1563 vel
794 1501 874 1564 alias
891 1501 1164 1587 qualitercunque
1180 1500 1268 1562 intus

118 1579 173 1642 vel
187 1592 292 1663 extra,
309 1587 460 1670 superius
473 1586 525 1649 vel
539 1585 685 1664 inferiae,
701 1585 862 1651 fracturas
876 1587 927 1651 vel
943 1588 1086 1650 laesiones
1109 1596 1168 1650 aut
1182 1585 1269 1648 dam·

120 1688 204 1729 num
227 1669 320 1734 aliud
342 1674 516 1757 patiantur
539 1672 607 1735 sive
619 1678 790 1757 jacturam.
837 1676 887 1736 Ac
911 1674 940 1736 si
961 1674 1036 1759 quis
1052 1673 1087 1735 in
1110 1670 1169 1735 hoo
1193 1693 1267 1734 casu

119 1751 314 1840 deliquerit,
328 1769 362 1821 et
376 1781 476 1844 super
491 1756 551 1821 hoc
565 1758 660 1821 modo
672 1770 710 1823 ut
721 1758 895 1844 praefertur
910 1760 1078 1824 convictus
1090 1759 1201 1835 fuerit,
1212 1779 1271 1843 pro

120 1838 243 1904 damno
258 1843 304 1906 sic
320 1844 412 1907 illato
431 1844 618 1922 satisfaciat,
645 1855 679 1908 et
701 1843 916 1908 nihilominus
932 1867 991 1930 per
1015 1845 1270 1908 subtractionem

116 1929 379 1994 communionum
401 1953 538 1994 suarum
551 1953 611 2016 per
631 1929 830 2015 quindenam
846 1930 898 1994 vel
912 1931 1028 1994 saltem
1045 1931 1271 2014 septimanam,

121 2011 176 2074 vel
192 2035 251 2098 per
266 2016 367 2078 alium
382 2017 513 2080 modum
528 2017 586 2102 qui
602 2039 679 2080 eum
693 2015 798 2100 magis
811 2016 942 2092 cruciet,
966 2014 1141 2078 secundum
1165 2014 1272 2099 quali-

121 2106 226 2162 tatem
248 2111 282 2164 et
301 2103 522 2187 quantitatem
546 2102 668 2178 delicti,
693 2102 813 2164 acriter
837 2102 997 2187 puniatur
1010 2100 1078 2163 sinc
1094 2099 1215 2172 favore,
1233 2121 1273 2162 ne

121 2183 168 2246 ad
191 2188 413 2272 perpetranda
436 2189 558 2252 similia
585 2187 710 2252 caeteris
726 2185 862 2250 audacia
876 2187 1055 2251 tribuatur.
1102 2186 1179 2248 Non
1196 2207 1273 2272 pro·
1287 2203 1382 2262 uxcep

122 2269 276 2336 bibemus
291 2283 400 2338 tamen
413 2274 523 2338 lusum
538 2273 614 2360 pilae
630 2271 672 2337 ad
688 2295 830 2353 murum,
841 2272 993 2337 tabulata
1007 2281 1068 2337 ant
1082 2271 1223 2359 tegulas,
1241 2272 1274 2335 in
1287 2262 1361 2308 tione.

122 2356 230 2440 horto,
245 2383 344 2425 causa
357 2361 560 2426 solummodo
574 2359 749 2425 exercendi
763 2359 906 2446 corporis
921 2370 955 2424 et
968 2360 1126 2424 sanitatis.

257 2505 339 2589 Cap.
354 2506 407 2571 99,
440 2507 493 2569 Dc
506 2508 590 2569 exitu
604 2506 642 2569 ab
663 2506 866 2569 Universitate
879 2515 908 2567 et
921 2506 1008 2567 venia
1017 2504 1157 2589 petendo.

171 2616 227 2679 Ne
240 2638 370 2702 semper
389 2615 601 2679 includantur
615 2636 693 2699 apes
708 2614 743 2677 in
758 2614 854 2678 alveo
869 2612 926 2677 sed
950 2612 1146 2699 quandoque
1161 2618 1277 2697 pateat

124 2702 234 2766 exitus
260 2701 304 2765 ad
326 2724 387 2765 sua
400 2702 533 2787 negotia
555 2699 717 2777 obeunda,
733 2721 842 2785 neque
855 2699 994 2763 nimium
1009 2700 1161 2763 laxentur
1174 2697 1276 2761 liber·

127 2788 208 2852 tatis
217 2788 361 2866 habenae,
372 2789 549 2851 statuimus
558 2796 597 2849 ut
607 2786 717 2872 siquis
727 2786 902 2865 Sociorum,
913 2785 1121 2857 scholarium,
1133 2784 1273 2869 discipu·
1289 2794 1402 2841 Absence

126 2874 246 2953 lorum,
263 2883 324 2938 aut
338 2876 558 2938 ministrorum
572 2872 689 2949 sacelli,
707 2873 751 2936 ab
769 2872 996 2936 Universitate
1015 2872 1106 2935 exire
1119 2869 1274 2947 voluerit,
1287 2852 1432 2971 fffissssty

127 2983 258 3023 causam
280 2983 372 3024 suam
391 2961 526 3044 justam,
549 2958 718 3023 honestam
732 2967 766 3022 et
788 2980 908 3033 veram,
938 2956 1133 3021 Praesidenti
1157 2964 1192 3019 et
1216 2977 1276 3018 suo
1432 2945 1439 2958 ⁶

128 3046 269 3125 Decano,
299 3056 358 3111 aut
386 3046 590 3111 Praesidente
612 3046 745 3109 absente
771 3042 1044 3129 Vicepraesidenti
1067 3056 1101 3105 et
1123 3064 1181 3103 suo
1205 3040 1276 3104 De-

128 3155 218 3211 cano,
248 3146 307 3197 aut
346 3132 548 3197 Praesidente
585 3144 618 3195 et
650 3129 923 3215 Vicepraesidente
964 3128 1155 3192 absentibus
1183 3126 1276 3189 Socio

128 3220 272 3284 maxime
293 3219 415 3283 seniori
436 3219 471 3281 in
499 3218 718 3281 Universitate
766 3216 898 3278 raesenti
921 3223 957 3278 et
981 3236 1039 3277 suo
1065 3214 1195 3276 Decauo
1221 3224 1278 3274 aut

129 3311 201 3391 ejus
216 3306 386 3391 deputato,
402 3304 563 3383 ostendat,
579 3313 614 3367 et
628 3303 670 3365 ab
693 3238 808 3365 iisdiem
827 3298 1048 3386 proficiscendi
1063 3308 1159 3383 petat
1172 3296 1277 3361 facul·

132 3401 237 3456 tatem
249 3416 258 3469 3
288 3414 370 3477 quos
390 3390 543 3456 nolumus
575 3390 608 3452 in
629 3410 726 3452 causa
748 3385 887 3450 honesta
910 3395 944 3450 et
969 3407 1048 3449 vera
1078 3406 1149 3447 esse
1178 3384 1278 3447 nimis

130 3478 289 3557 difficiles,
313 3489 348 3542 et
361 3478 525 3563 praecipue
539 3475 574 3538 in
588 3474 822 3551 vacationibus,
840 3471 908 3550 sed,
925 3470 1132 3535 consideratis
1146 3480 1180 3533 et
1204 3492 1279 3555 per·

175 3565 244 3627 nsis
273 3565 390 3641 causis,
428 3572 520 3627 statu
550 3584 682 3648 quoque
719 3570 755 3624 et
783 3558 890 3645 gradu
911 3579 1132 3645 personarum,
1155 3579 1279 3621 necnon

129 3586 293 3715 distantia
315 3660 351 3714 et
374 3649 551 3714 intervallo
574 3647 727 3725 locorum,
753 3646 985 3733 praescribatur
1008 3644 1131 3709 eisdem
1155 3653 1279 3708 certum

130 3747 262 3822 tempus
276 3735 440 3801 redeundi
454 3735 497 3799 ad
511 3734 697 3822 Collegium
720 3742 756 3796 et
778 3731 937 3811 studium,
953 3730 1043 3819 quod
1065 3740 1195 3817 tempus
1218 3731 1278 3794 ob·

83 3858 87 3867 ·
132 3844 263 3887 servare
274 3822 403 3901 debent,
413 3829 556 3886 cessante
566 3818 799 3905 impedimento
810 3817 843 3881 le
870 3816 1280 3883 'timocoramdictisiutra

133 3910 274 3973 biduum
289 3920 364 3994 post
377 3931 491 3973 eorum
516 3906 659 3971 reditum
674 3842 897 3991 approbandi).
949 3906 1014 3967 His
1040 3925 1080 3966 ex
1095 3902 1280 3988 provisione

134 3995 269 4074 additis,
284 3997 402 4082 primo,
419 4004 469 4073 ut,
484 3994 672 4080 quicunque
686 3991 830 4055 exeundi
845 3990 1035 4055 facultatem
1048 3987 1194 4073 petierit,
1210 3986 1281 4051 ille·
1294 4001 1330 4073 Τρ
1340 4000 1372 4047 be
1382 4013 1419 4047 re-

134 4092 204 4146 met
217 4083 312 4167 prius
326 4083 360 4145 in
373 4083 513 4167 registro
528 4078 618 4165 apud
635 4076 944 4164 Vicepraesidentem
957 4084 1017 4139 a'ut
1033 4074 1166 4137 Sosium
1178 4073 1280 4135 maxi·
1295 4060 1410 4121 guaros.

135 4191 188 4232 me
202 4169 362 4233 seniorem
379 4168 413 4232 in
424 4165 652 4233 Universitate
663 4185 724 4249 pro
736 4174 884 4247 tempore
896 4170 1089 4248 praesentem
1100 4159 1283 4222 remanenti

135 4278 269 4320 causam
285 4263 319 4318 et
335 4254 423 4317 diem
438 4254 556 4329 exitus,
571 4261 606 4315 et
622 4271 736 4313 rursus
751 4248 839 4312 diem
862 4248 991 4312 reditus
1005 4244 1166 4333 postridie
1184 4254 1284 4330 quam

134 4341 282 4419 redierit,
305 4361 407 4404 manu
422 4361 482 4404 sua
497 4338 625 4401 scribat.
672 4333 772 4413 Quod
784 4334 884 4398 etiam
899 4332 1068 4397 observari
1082 4331 1233 4395 volumus
1249 4331 1284 4394 in

135 4428 254 4512 gratiis
267 4427 420 4491 omnibns
442 4448 503 4501 pro
517 4422 673 4488 absentia
695 4432 842 4508 tempore
857 4419 971 4507 petitis
998 4428 1033 4483 et
1046 4416 1224 4495 concessis3
1249 4438 1287 4482 ac
