3000 4700
284 197 328 263 94
484 200 620 267 sarus
633 201 672 284 (ff
684 197 802 282 Corpus
821 197 939 262 Christi
958 197 1083 282 Callope,
1104 197 1232 285 Ossord.

284 363 436 427 vicesimo
468 363 615 447 quolibet
645 384 732 426 anno
763 365 913 426 renovari
948 361 1111 434 volumus,
1150 368 1190 425 ut
1220 369 1350 427 constet
1377 362 1434 427 ubi

285 448 522 535 destringatur,
545 472 617 513 cum
640 471 723 535 opus
746 447 857 528 fuerit,
881 456 915 512 et
938 469 979 512 ne
1009 447 1169 535 particula
1196 456 1292 512 terrae
1324 450 1435 534 majori

285 536 442 620 adjuncta
455 538 498 600 ab
514 558 553 601 es
568 535 750 600 devoretur.
780 533 1008 612 Prohibemus‚
1024 535 1167 621 insuper,
1186 534 1382 600 Praesidenti
1398 559 1434 599 ac

121 636 236 709 snpwing
285 623 439 688 omnibns
453 631 487 687 et
507 622 646 708 singulis
663 621 763 684 Sociis
781 619 920 769 Collegii
944 621 1058 694 nostri,
1082 643 1124 686 ne
1147 620 1190 684 ad
1214 623 1433 686 ostensionem

121 698 258 745 endenses.
285 708 520 775 euidentisrum
544 730 602 772 seu
621 729 731 772 earum
755 728 849 770 exem
888 707 1030 771 ariorum
1053 707 1096 770 sir
1143 708 1241 771 nimis
1266 707 1362 794 proni
1376 715 1434 773 aut

284 795 425 881 properi,
439 795 620 882 praesertim
637 796 670 858 in
685 729 874 880 hujusmodi
888 792 1006 875 quibus
1021 802 1170 878 tangitur
1179 795 1234 876 jus
1249 794 1434 858 sentitulus

283 882 527 967 possessionum
541 879 704 966 Collegii;
716 879 772 942 sed
784 878 1008 943 tantummodo
1017 880 1074 943 fiat
1083 879 1227 944 ostensio
1242 879 1434 967 hujusmodi

282 989 355 1031 cum
371 966 606 1036 deliberatione
620 976 760 1038 matura,
775 986 848 1028 cum
864 963 905 1030 sd
922 966 980 1028 hoc
994 973 1126 1029 moneat
1139 987 1264 1052 urgens
1282 989 1383 1030 causa
1398 973 1433 1029 et

282 1055 464 1118 necessaria
487 1051 594 1126 valde,
618 1062 652 1117 et
678 1073 888 1115 cumeorum
909 1050 1211 1137 jurisprudentium
1238 1052 1374 1116 consilio
1399 1053 1435 1117 in

282 1141 400 1222 quibus
413 1162 480 1227 prae
493 1141 618 1207 caeteris
628 1137 815 1214 confidunt3
830 1147 869 1202 ut
879 1138 1099 1202 siccvitentur
1108 1139 1371 1223 imaginationes,
1382 1139 1432 1203 in-

282 1228 451 1292 ventiones
466 1227 613 1299 subtiles,
629 1247 667 1296 aa
680 1224 826 1312 pericula
839 1247 911 1307 quae
926 1223 1055 1306 insequi
1069 1232 1235 1310 poterunt.

416 1377 499 1462 Cap.
516 1375 568 1438 45.
592 1377 644 1439 De
656 1375 740 1440 bonis
753 1385 782 1438 et
795 1374 1032 1459 possessionibus
1045 1395 1103 1436 non
1118 1375 1298 1438 alienandis.

325 1484 593 1549 Accumulatores
607 1484 717 1567 potius
736 1491 929 1569 exoptamus
945 1482 978 1546 in
993 1481 1054 1548 hoc
1072 1482 1225 1568 Collegio
1241 1507 1342 1567 quam
1359 1484 1431 1550 adi·
1495 1481 1498 1490 ⁴

281 1580 427 1642 mentem
450 1592 586 1654 raroque
602 1569 755 1634 videntur
769 1570 874 1637 aliena
890 1570 1053 1651 acquirere
1073 1570 1132 1652 qui
1146 1592 1206 1634 sua
1219 1571 1433 1656 negligenter

119 1669 227 1740 Agninst
282 1657 486 1742 dispergant.
532 1657 714 1721 Statuimus
737 1657 841 1742 igitur
867 1663 904 1719 ut
933 1655 1088 1736 maneria,
1114 1655 1353 1736 advocationes,
1373 1659 1432 1744 jus

118 1728 251 1846 ffiffi}
282 1752 475 1829 patronatus
498 1742 714 1821 ecclesiarum,
739 1751 853 1816 terras,
874 1749 1075 1818 tenemento,
1098 1741 1257 1812 redditus,
1283 1744 1432 1824 servitia,

280 1829 423 1906 nativos,
435 1830 539 1894 solum
552 1829 600 1893 vel
612 1851 721 1893 aream
735 1829 794 1893 ubi
809 1827 924 1896 domus
938 1828 1012 1900 luit,
1027 1827 1142 1892 silvam
1159 1839 1218 1893 aut
1233 1830 1379 1910 boscum,
1395 1831 1433 1895 id

280 1925 330 1980 est
346 1914 454 1980 locum
467 1917 525 1980 ubi
547 1916 718 1990 crescebat,
734 1920 841 2002 prata,
855 1935 984 2000 pascua,
1003 1924 1165 2014 pasturae,
1182 1937 1241 1980 seu
1266 1915 1330 1978 alia
1347 1918 1433 1982 bona

280 2001 461 2067 immobilia
471 2023 671 2086 quacunque
680 2001 787 2065 nostri
802 1999 953 2084 Collegii,
966 2000 1149 2085 sprritualia
1163 2023 1220 2064 seu
1234 2005 1432 2088 temporalia
1495 2079 1498 2092 Ι

280 2096 340 2152 aut
362 2091 478 2162 mixta,
493 2089 584 2153 nullo
609 2087 708 2152 modo
731 2095 789 2151 aut
812 2086 918 2151 colore
944 2085 1148 2161 alienentnr;
1174 2087 1238 2150 nisi
1252 2087 1337 2152 forte
1353 2112 1429 2154 con·

270 2175 395 2260 ’tigerit
410 2199 464 2240 eos
489 2173 665 2257 aliquando
687 2172 858 2238 habituros
873 2172 986 2238 domos
1006 2173 1041 2237 in
1057 2173 1194 2236 urbibus
1210 2183 1269 2238 aut
1282 2175 1427 2261 oppidis,
1497 2233 1498 2236 ,

281 2270 341 2325 aut
364 2261 429 2325 alia
443 2260 589 2333 aedificia,
609 2260 754 2324 maxime
769 2258 967 2338 molend-ina,
982 2280 1054 2344 quae
1076 2281 1215 2346 magnas
1230 2282 1360 2347 semper
1376 2285 1429 2326 re-

279 2349 413 2429 quirunt
427 2347 646 2432 reparationes
661 2354 695 2410 et
717 2368 833 2432 parum
848 2356 1007 2411 terrarum
1026 2368 1222 2433 pascuorum
1245 2358 1303 2411 aut
1317 2348 1429 2414 reddi-

279 2441 374 2497 tuum
399 2433 442 2497 ad
467 2454 507 2496 ea
535 2434 717 2518 pertinest;
745 2433 826 2496 talia
854 2453 971 2518 nempe
996 2433 1218 2518 permittimus
1238 2455 1299 2519 pro
1321 2437 1428 2510 terriS,

279 2519 394 2605 pratis,
414 2518 553 2605 pascuis,
568 2521 720 2605 pasturis,
735 2518 931 2593 redditibus,
948 2528 1157 2595 concurrente
1182 2520 1333 2585 unanimi
1349 2544 1428 2585 con-

280 2627 375 2668 sensu
391 2605 611 2683 Praesideutis,
626 2604 913 2691 Vicepraesidentis
926 2612 959 2668 ct
973 2606 1104 2690 majoris
1120 2606 1223 2691 partis
1243 2606 1425 2687 Sociorum,

280 2712 317 2754 ac
339 2691 478 2755 Patroni
499 2692 649 2778 Collegii
671 2692 863 2777 permutari.
916 2689 1100 2778 Adjicimus
1123 2714 1252 2775 quoque
1277 2700 1317 2756 ut
1341 2693 1428 2759 nihil

277 2775 504 2861 praedictorum
533 2799 797 2860 quorumcunque
823 2776 893 2840 ullo
923 2785 1070 2864 tempore
1098 2778 1151 2840 vel
1177 2778 1219 2842 ad
1249 2780 1426 2845 terminum
1495 2828 1498 2842 .

278 2864 355 2927 vitae
378 2869 581 2949 cujusquam,
608 2864 704 2927 aliter
725 2885 824 2946 quam
847 2884 933 2926 nune
960 2864 1149 2949 praedictum
1175 2873 1234 2939 est,
1260 2866 1427 2931 alienetur

278 2948 350 3013 sive
364 2950 614 3036 impignoretur.
661 2948 825 3012 Nolumus
846 2958 1005 3034 praeterea
1022 2958 1058 3013 ut
1080 2950 1227 3013 maneria
1242 2959 1300 3015 aut
1315 2954 1427 3019 firmas

277 3036 367 3099 ultra
388 3036 507 3122 viginti
529 3058 643 3108 annos,
669 3045 727 3097 aut
750 3033 900 3098 ecclesias
925 3034 1153 3134 appropriatus
1177 3046 1234 3101 aut
1255 3039 1426 3123 portiones

278 3122 366 3185 ultra
380 3120 492 3187 decem
507 3145 618 3193 anuos,
637 3121 677 3183 ad
695 3120 822 3184 firmam
837 3129 895 3184 aut
910 3120 975 3184 eho
989 3119 1086 3184 modo
1101 3120 1199 3185 alicui
1214 3122 1285 3187 trad
1291 3134 1348 3188 ant
1363 3148 1427 3191 seu

278 3206 457 3282 dimittant,
482 3230 541 3271 nec
562 3230 620 3294 per
645 3206 803 3292 scriptum
827 3216 884 3270 aut
908 3206 1002 3270 aliter
1030 3205 1073 3269 ad
1095 3207 1282 3273 ulteriorem
1305 3208 1426 3275 dimis-

275 3294 401 3358 sionem
426 3304 501 3380 post
523 3294 652 3380 lapsum
667 3291 830 3358 dictorum
854 3313 1014 3356 annorum
1030 3291 1214 3379 Collegium
1229 3296 1291 3360 sub
1307 3298 1425 3377 quovis

276 3380 381 3444 colore
406 3379 565 3465 obligent,
591 3380 653 3442 sub
673 3400 776 3463 poena
803 3378 941 3465 perjurii
964 3378 1035 3465 ipso
1058 3378 1153 3443 iacto.
1200 3379 1241 3443 In
1266 3384 1425 3449 maneriis
1493 3432 1498 3453 -,

275 3472 387 3529 tamen
412 3473 446 3528 et
470 3466 548 3528 locis
571 3464 631 3527 ubi
657 3474 752 3527 terrae
767 3472 922 3527 tenentur
944 3463 1122 3529 secundum
1147 3468 1424 3535 consuetudinem

274 3550 413 3613 manerii
437 3558 472 3612 et
498 3559 674 3613 servantur
699 3550 808 3626 curiae,
837 3550 1027 3614 observetur
1052 3551 1181 3617 illorum
1206 3555 1423 3622 consuetudo.

276 3634 411 3711 Rursus,
421 3635 451 3696 si
458 3657 533 3719 quae
548 3645 642 3698 terrae
651 3644 709 3699 aut
721 3643 909 3700 tenemento
917 3637 1127 3722 pervenerint
1142 3638 1176 3702 in
1191 3650 1360 3725 posterum
1377 3642 1424 3707 ad

273 3717 397 3782 dictum
417 3718 614 3807 Collegium,
630 3743 689 3806 per
707 3729 867 3786 escaetam
892 3723 960 3785 sive
985 3722 1231 3795 forisfacturam,
1254 3724 1422 3793 defectum

272 3804 448 3873 haeredum,
462 3828 521 3891 per
538 3806 659 3869 donum
674 3806 726 3871 vel
749 3808 959 3893 emptionem,
984 3810 1036 3873 vel
1062 3810 1127 3873 alio
1143 3811 1248 3883 modo,
1264 3812 1322 3875 illa
1389 3838 1421 3879 s·
1491 3873 1496 3889 ι

271 3900 349 3955 sunt
363 3913 422 3977 per
444 3891 552 3977 copias
575 3891 753 3956 secundum
776 3892 1045 3959 consuetudinem
1070 3897 1210 3960 manerii
1230 3898 1277 3962 vel
1300 3837 1420 3963 indron-

272 3984 371 4051 turas,
385 3986 423 4041 ut
438 3979 618 4076 praefertur,
632 3979 807 4043 dimittere.
855 3979 1044 4044 indenturae
1058 4003 1186 4064 quoque
1201 3988 1423 4069 cujuscunque
1494 4042 1497 4047 .

271 4060 471 4127 dimissionis
485 4073 583 4128 erunt
605 4064 692 4128 inter
708 4064 944 4130 Prasidcntem
959 4073 992 4129 et
1007 4067 1169 4132 scholares
1185 4090 1226 4133 ex
1241 4093 1309 4134 una
1323 4080 1437 4157 parte·

270 4160 304 4212 et
331 4149 542 4234 recipientem
572 4172 630 4213 seu
656 4151 848 4236 recipientes
875 4174 916 4214 ex
945 4152 1048 4217 altera
1077 4164 1170 4239 parte
1199 4158 1420 4237 conficiendae,
1496 4192 1498 4201 ν

270 4233 444 4319 sigilloque
472 4236 640 4299 communi
670 4235 750 4299 dicti
775 4236 919 4321 Collegii
947 4248 981 4302 et
1007 4239 1194 4323 recipientis
1219 4242 1418 4327 sigillandas.

106 4318 229 4365 ⁰¹⁸¹¹⁸0¹¹¹
272 4320 316 4381 Et
332 4328 518 4405 apponatur
532 4320 601 4384 haec
615 4321 761 4385 clausula
776 4323 808 4385 in
825 4322 975 4385 omnibus
990 4323 1183 4397 indenturis,
1199 4328 1285 4408 quod
1302 4328 1419 4416 hujus·
1489 4320 1498 4337 ⁸

56 4376 214 4534 ᾸῖιΊ
269 4404 361 4469 modi
375 4414 524 4468 tenentes
548 4414 660 4483 terras,
676 4419 874 4484 tenementa,
889 4407 1056 4487 beneficia,
1072 4411 1239 4493 portiones
1255 4423 1313 4477 aut
1329 4438 1419 4497 quae-

203 4504 259 4548 ng.
