3000 4700
239 195 300 258 102
438 193 573 258 &auu
586 193 626 276 of
638 190 755 277 copus
774 190 892 256 Claui
909 189 1034 275 Collepa
1056 190 1186 275 Orsord.

170 393 176 402 ·
221 366 227 376 ’
280 380 371 438 rere3
394 380 515 442 acquae
530 358 761 423 denuntianda
776 358 989 444 cognoverint
1004 366 1036 422 et
1057 356 1235 421 revelanda
1247 357 1297 421 eis
1312 366 1395 420 tunc

236 384 432 512 discutiam
448 446 609 520 volumus,
625 454 680 509 sut
694 467 793 531 poena
811 445 958 531 perjurii,
974 453 1012 508 ut
1029 445 1211 508 secundum
1226 443 1317 526 quod
1356 464 1397 506 er

236 533 298 597 has
313 530 539 615 inquisitiones
554 530 679 596 ibidem
693 541 859 617 repertum
874 531 975 595 fuerit
989 531 1206 616 corrigantur.
1252 466 1354 604 Quod
1364 528 1398 592 si

239 618 283 684 ad
304 616 537 704 perficiendum
556 618 728 703 praemissa
747 618 874 703 primus
894 617 965 681 dies
981 615 1134 682 scrutinii
1153 638 1219 680 nen
1240 616 1396 685 sufficiat,

240 705 351 792 ipsum
367 713 445 768 tunc
463 704 636 790 prorogari
649 705 799 769 volumus
814 713 847 768 et
861 704 1045 768 continuari
1060 702 1102 768 ad
1118 711 1186 766 tres
1200 701 1272 766 dies
1295 723 1397 787 prox-

240 791 305 856 ime
320 799 503 874 sequentes,
519 790 549 853 si
563 790 769 878 negotiorum
784 799 819 854 et
834 812 943 854 rerum
961 791 1138 854 necessitas
1156 798 1288 853 tantum
1309 797 1397 852 tem-

241 878 331 964 peris
346 877 467 962 exigat,
482 884 517 940 et
531 898 596 940 nou
612 877 707 942 ultra
757 876 928 954 Praeterea,
942 876 1095 941 volumus
1110 884 1148 939 ut
1163 874 1398 942 convictiones,

78 1003 183 1049 Pantu-
241 963 439 1052 punitiones,
453 962 699 1028 reformationes
709 971 742 1026 et
754 962 967 1026 correctiones
975 983 1185 1045 quacunque,
1202 961 1348 1026 omnium
1360 967 1399 1024 et

79 1065 160 1109 ments
169 1062 200 1108 of
242 1048 449 1135 singulorum
464 1071 667 1126 excessuum,
682 1049 991 1148 transgressionum,
1009 1047 1207 1126 defectuum,
1222 1069 1281 1133 per
1296 1069 1398 1130 quos·

80 1121 193 1168 offense.
242 1158 370 1219 cunque
392 1135 475 1200 dicti
501 1135 647 1220 Collegii
669 1157 915 1201 commissorum
936 1135 1018 1198 etin
1041 1132 1102 1197 hoc
1126 1133 1283 1197 scrutinio
1307 1154 1399 1196 com-

242 1231 422 1309 pertorum,
441 1222 528 1285 intra
541 1220 726 1303 quindecim
743 1220 815 1284 dies
838 1227 915 1306 pest
929 1219 1054 1284 Pascha
1073 1219 1266 1305 hujusmodi
1291 1218 1398 1282 delin-

242 1307 422 1393 quentibus
441 1305 642 1391 infligantur.
690 1305 837 1370 Aliorum
861 1315 973 1371 autem
985 1307 1036 1370 vel
1053 1307 1145 1370 aliter
1160 1315 1217 1370 aut
1232 1305 1299 1369 alio
1311 1315 1400 1368 tem·

243 1416 323 1494 pore
338 1393 593 1479 compertorum]
608 1393 835 1467 convictiones,
851 1393 1064 1456 correctiones
1082 1401 1116 1456 et
1138 1392 1402 1464 reformationes,

246 1489 334 1544 rutra
352 1488 418 1543 tres
440 1479 509 1542 dies
535 1479 707 1542 continuos
732 1487 906 1564 postquam
930 1479 1005 1564 ipsa
1021 1486 1187 1564 comperta
1202 1478 1328 1542 fuerint
1344 1477 1401 1540 vel

223 1567 235 1582 ”
247 1566 455 1642 denuntiata,
469 1587 526 1628 seu
543 1564 622 1628 alias
639 1564 681 1628 de
697 1564 744 1629 eis
760 1564 953 1640 constiterit,
969 1564 1148 1628 seeundum
1164 1565 1241 1642 vim,
1258 1565 1400 1628 formam

247 1664 282 1716 et
294 1651 453 1727 effectum,
467 1658 666 1715 statutorum
681 1657 716 1714 et
730 1650 975 1715 ordinationum
990 1651 1094 1737 ipsius
1108 1650 1260 1737 Collegii,
1271 1651 1402 1733 absque

247 1736 399 1802 ulteriori
410 1736 577 1808 dilatione,
590 1736 671 1800 fiant
685 1735 797 1802 debite
812 1744 844 1800 et
860 1744 898 1801 ut
911 1737 1021 1809 decet;
1047 1736 1112 1801 nisi
1126 1737 1246 1814 forsan,
1260 1743 1402 1822 propter

248 1822 460 1888 Praesidentis
486 1831 545 1886 aut
567 1845 715 1908 personae
731 1822 960 1905 delinquentis,
975 1831 1033 1886 aut
1049 1823 1186 1909 alicujus
1208 1823 1251 1886 ad
1276 1822 1401 1909 hujus·

247 1908 336 1973 modi
347 1908 590 1984 convictionem,
600 1910 828 1973 correctionem
838 1918 872 1973 et
883 1909 1101 1994 punitionem,
1116 1908 1297 1973 seeundum
1310 1909 1403 1974 ordi-

247 1997 398 2060 nationes
409 2004 443 2059 et
458 2004 585 2060 statuta
596 1995 674 2058 dicti
685 1995 828 2081 Collegii
843 1994 1004 2078 requisiti,
1022 1995 1218 2067 absentiam,
1232 1996 1285 2060 vel
1298 2016 1402 2082 prop·

246 2090 297 2146 ter
308 2082 404 2146 aliam
415 2104 547 2146 causam
557 2093 740 2167 urgentem,
749 2082 965 2145 correctiones
977 2089 1011 2144 et
1020 2081 1268 2146 reformationes
1284 2083 1401 2168 hujus·

245 2169 334 2233 modi
344 2168 460 2233 merito
468 2169 590 2232 fuerint
600 2167 790 2231 differendae
799 2168 850 2231 vel
860 2166 1035 2231 dilationes
1046 2177 1203 2254 expetant
1214 2167 1380 2254 largiores
1394 2193 1403 2246 ;

245 2254 289 2318 ad
310 2277 392 2337 quas
415 2264 526 2317 tamen
542 2254 767 2339 injunctiones,
784 2252 996 2318 correctiones
1016 2262 1050 2317 et
1074 2254 1334 2332 reformationes,
1349 2255 1403 2318 ita

245 2340 374 2414 dilatas,
383 2340 624 2426 quamprimum
638 2339 805 2405 commode
819 2361 878 2425 per
887 2340 953 2404 ista
967 2341 1038 2406 fieri
1049 2352 1200 2427 possunt,
1211 2364 1248 2405 ac
1263 2354 1402 2405 caeteras

244 2449 356 2490 omnes
378 2425 551 2511 praedictas
566 2436 605 2489 ut
619 2426 791 2511 praefertur
804 2425 981 2498 faciendas,
998 2426 1234 2491 Praesidentem
1250 2436 1284 2491 et
1300 2428 1402 2491 offici-

245 2515 330 2576 arios
344 2513 402 2595 qui
416 2514 451 2574 in
466 2512 533 2576 illis
555 2512 714 2576 interesse
729 2512 853 2576 habent
867 2514 901 2575 in
918 2514 1041 2577 virtute
1055 2515 1237 2599 Juramenti
1251 2513 1402 2578 decerni·

244 2621 318 2662 mus
330 2599 502 2684 obligatos.
540 2598 598 2662 Ad
609 2598 685 2677 haec,
698 2599 892 2663 mandamus
904 2607 942 2662 ut
958 2599 992 2662 in
1007 2598 1174 2664 Sociorum
1188 2600 1402 2664 correctioni-

246 2686 308 2748 bus
325 2693 359 2749 et
373 2684 614 2769 punitionibus,
636 2685 790 2749 omnibus
809 2694 843 2749 et
859 2685 1011 2769 singulis,
1026 2684 1067 2749 de
1083 2686 1204 2768 quibus
1220 2686 1255 2748 in
1274 2687 1403 2751 nostris

245 2772 379 2834 statutis
403 2771 440 2833 fit
461 2771 585 2833 mentio
605 2772 763 2855 specialis,
786 2792 893 2835 coram
910 2770 1002 2834 Socio
1023 2770 1201 2856 puniendo,
1219 2779 1402 2855 antequam

244 2855 414 2942 puniatur,
430 2857 581 2942 legantur
601 2864 726 2922 statuta
739 2867 773 2922 et
787 2856 954 2943 particulae
975 2858 1145 2939 inquibus
1164 2858 1200 2922 fit
1214 2858 1341 2921 mentio
1357 2858 1402 2922 de

245 2965 389 3022 excessu,
398 2945 530 3007 erimine
541 2951 598 3006 aut
607 2943 736 3022 delicto,
744 2965 806 3029 pro
816 2964 881 3026 quo
892 2943 949 3007 fiet
960 2943 1090 3028 punitio
1102 2941 1337 3026 delinquentis.
1362 2945 1402 3009 Si

245 3051 322 3094 vcro
337 3030 372 3093 in
389 3030 509 3094 nostris
524 3030 658 3094 statutis
674 3030 786 3094 detali
808 3050 942 3092 excessu
956 3028 1008 3092 vel
1022 3027 1140 3092 delicto
1157 3038 1215 3092 aut
1229 3051 1329 3115 poena
1345 3031 1402 3095 de·

84 3119 202 3191 0ff⁸n00⁸‚
245 3115 426 3199 linquentis
441 3116 624 3201 specialiter
643 3125 773 3180 cautum
788 3136 854 3178 non
870 3114 1003 3190 existat,
1017 3136 1076 3177 nec
1092 3114 1174 3178 alias
1189 3115 1249 3179 fiat
1272 3118 1402 3181 mentio

84 3183 215 3297 ζ’]ῗζᾟξῗῖ
246 3203 396 3289 specialis
412 3201 454 3267 ad
468 3225 606 3285 querum
618 3202 844 3266 discretionem
856 3209 890 3264 et
902 3200 1074 3265 arbitrium
1089 3202 1201 3286 puniri
1215 3200 1349 3281 debeat,
1364 3204 1403 3267 iu

84 3295 213 3355 tionedby
247 3311 287 3352 eo
300 3311 388 3369 casu,
404 3289 517 3355 Socius
532 3289 573 3351 sit
596 3288 751 3353 scholaris
763 3288 814 3351 vel
829 3287 1018 3373 discipulus,
1034 3309 1109 3350 eum
1130 3287 1171 3349 ad
1188 3296 1320 3374 tempus
1334 3311 1401 3376 pu·

84 3354 197 3460 ww
246 3374 314 3439 niri
329 3376 480 3439 velumus
495 3373 672 3439 seeundum
696 3374 868 3439 arbitrium
885 3384 918 3436 et
940 3372 1168 3436 discretionem
1183 3374 1404 3449 Praesidentis

247 3460 299 3524 vel
310 3460 595 3547 'Vicepraesidentis
610 3468 642 3524 et
656 3461 756 3524 unius
769 3459 903 3531 Decani,
916 3459 978 3538 vel,
994 3459 1075 3545 ipsis
1090 3468 1146 3523 aut
1162 3482 1275 3524 eorum
1286 3462 1402 3545 aliquo

248 3546 451 3623 absentibus,
462 3568 596 3609 suorum
606 3546 838 3632 deputatorum
848 3556 905 3609 aut
915 3545 1078 3630 deputati.
1103 3548 1400 3634 Statuentes,prae·

85 3655 226 3702 Proteotion
248 3641 348 3708 terea,
359 3640 396 3695 ut
404 3631 514 3695 nullus
523 3633 557 3693 iu
570 3639 680 3694 nostro
689 3631 1076 3717 Collegi0,quuscunque
1087 3630 1210 3716 gradus
1221 3642 1278 3697 aut
1290 3643 1401 3699 status

85 3714 211 3761 ofoffend-
247 3717 379 3791 existat,
394 3717 496 3780 alium
508 3716 654 3802 ejusdem
666 3716 807 3803 Collegii
820 3738 1053 3800 quemcunque,
1068 3717 1110 3780 de
1125 3717 1236 3800 aliquo
1249 3720 1400 3793 erimine,

86 3787 131 3819 ers.
247 3826 381 3867 excessu
396 3804 449 3867 vel
465 3803 593 3879 delicto,
610 3825 717 3868 eoram
733 3802 941 3880 Praesidente,
957 3802 1237 3889 Vicepraesidente
1254 3815 1313 3869 aut
1334 3808 1400 3869 De·

246 3890 345 3967 canis,
357 3889 505 3954 delatum
514 3890 566 3955 vel
576 3898 771 3968 accusatum,
784 3900 820 3955 et
832 3890 978 3976 legitime
986 3890 1178 3966 convictum,
1189 3897 1336 3964 tueatur,
1348 3894 1399 3956 vel

247 3976 354 4041 eidem
366 3978 497 4041 assistat
507 3980 606 4042 verbo
616 3975 668 4039 vel
680 3976 775 4047 facto,
784 3983 842 4041 aut
855 3998 914 4061 pro
926 3997 1037 4039 corum
1048 3976 1154 4057 aliquo
1168 3975 1260 4052 falso,
1272 3978 1400 4057 frivole,

246 4063 415 4128 minaciter
445 4072 503 4127 aut
530 4062 695 4128 obstinate
720 4063 905 4146 aliqualiter
931 4061 1064 4147 alleget,
1091 4062 1264 4143 queminus
1295 4064 1400 4149 ipsius

248 4150 468 4233 delinquentis
480 4156 571 4236 justa
584 4150 755 4227 convictio,
775 4149 905 4235 punitio
929 4170 985 4211 seu
1000 4148 1164 4225 correcti0,
1189 4148 1254 4210 lieri
1280 4150 1399 4225 valeat,

248 4237 425 4300 seeundum
439 4236 576 4300 formam
601 4245 634 4299 et
659 4235 860 4321 exigentiam
884 4233 1125 4297 ordinationum
1148 4242 1181 4295 et
1202 4243 1401 4301 statutorum

247 4334 437 4394 nostrorum,
449 4332 505 4385 aut
515 4344 578 4404 quo
594 4323 666 4420 ipsa
679 4320 868 4407 hujusmodi
883 4320 1021 4384 convicti
1035 4319 1189 4381 correctio
1201 4320 1399 4403 retardetur,

247 4406 426 4479 differatur,
443 4408 557 4471 autad
573 4410 671 4472 alium
688 4410 741 4472 vel
766 4407 805 4470 ad
830 4406 911 4469 alios
927 4428 1024 4488 quam
1043 4412 1168 4467 statuta
1184 4415 1297 4470 nostra
1316 4431 1401 4494 pree-
