3000 4700
303 196 437 263 Statuas
450 201 489 281 of
502 197 621 282 Corpus
638 197 756 262 Christi
774 197 898 283 Collega,
919 197 1045 282 Orrford.
1203 195 1242 258 81

91 377 201 423 unum
210 359 313 423 altius
327 369 363 426 et
371 358 464 425 aliud
471 360 596 425 humile
610 369 670 425 aut
678 361 791 440 rotale,
800 375 863 448 pro
872 360 1009 426 arbitrio
1021 358 1244 426 Praesidentis.

92 443 142 508 Et
157 447 193 509 in
218 445 326 510 altiori
348 446 448 510 cubet
465 445 579 511 Socius
594 448 648 513 vel
660 447 816 511 scholaris
832 448 919 512 intra
937 447 1107 512 biennium
1122 449 1242 534 proba-

91 531 205 607 tionis,
229 532 264 596 in
292 531 398 598 altero
426 555 555 618 semper
583 533 775 619 discipulus.
834 534 910 597 Nisi
933 534 1017 598 forte
1044 533 1241 610 Praesidena

89 627 229 766 propter
243 627 378 683 aetatem
392 629 451 684 aut
465 618 609 706 gradum
624 619 802 698 Sociorum,
813 619 1009 684 scholarium
1024 629 1083 684 aut
1097 620 1241 706 discipu·

103 726 210 784 orum,
235 712 295 768 aut
321 727 363 768 ex
386 705 452 768 alia
466 727 565 770 eausa
583 707 782 791 perurgenti,
798 729 854 770 eos
876 705 972 770 aliter
994 707 1151 770 collocare
1174 729 1241 769 ma-

89 789 194 854 luerit
208 797 243 855 et
262 790 478 856 collocaverit.
522 791 634 869 Turri,
650 800 683 855 et
701 791 858 856 cubiculis
877 791 1095 872 Praesidentis,
1121 799 1155 856 et
1177 815 1241 854 uno

90 897 153 961 pro
172 876 376 941 thesauraria
391 876 673 963 Dispensatorum,
689 887 724 942 et
736 878 842 942 altero
860 900 920 965 pro
936 879 1140 942 ratiocinario
1156 900 1241 941 com·

88 969 175 1047 puto
197 972 233 1027 et
255 963 329 1026 aliis
349 985 423 1048 quar
439 962 483 1027 ad
496 965 647 1028 clericum
662 965 805 1050 computi
822 966 1012 1028 attinebunt·
1026 963 1190 1042 faciendis,
1207 976 1241 1028 et

89 1070 158 1112 uno
173 1049 238 1112 alio
252 1071 310 1133 pro
325 1051 484 1114 tonstrina
499 1058 533 1113 et
548 1049 648 1114 cereis
669 1049 837 1128 faciendis,
855 1059 889 1113 et
904 1051 1017 1136 paucis
1038 1051 1110 1114 aliis
1130 1071 1239 1114 neces·

64 1158 69 1166 ·
88 1136 181 1198 sariis
194 1135 332 1222 Collegii
352 1135 465 1199 usibus
480 1135 772 1215 accommodandis,
788 1139 943 1223 exceptis,
959 1144 994 1200 et
1018 1135 1053 1199 in
1076 1158 1133 1200 eos
1159 1159 1238 1200 usus

87 1223 274 1287 reservatis.
320 1221 520 1285 Mandemus
542 1223 677 1307 insuper
690 1231 728 1286 ut
743 1223 837 1299 Socii,
853 1221 1013 1286 scholares
1026 1231 1060 1287 et
1075 1222 1237 1308 discipuli,

87 1307 232 1372 ministri
248 1308 367 1385 sacelli,
388 1330 503 1371 omnes
518 1315 553 1372 et
568 1307 700 1394 singuli,
715 1308 1028 1391 quartumdecimum
1043 1307 1237 1373 excedentes

87 1414 224 1473 annum,
255 1395 315 1458 soli
343 1394 379 1456 in
403 1394 543 1480 siugulis
573 1404 607 1459 et
637 1393 795 1459 distinctis
819 1394 910 1458 lectis
940 1395 1027 1459 intra
1051 1395 1235 1481 Collegium
1306 1465 1309 1472 ¹

87 1488 238 1549 nostrum
255 1486 390 1566 J'aceant
408 1490 443 1545 et
465 1481 595 1544 cubent.
645 1479 794 1566 Insuper,
812 1481 960 1544 volumus
980 1481 1066 1564 quod
1094 1483 1236 1546 seniores

82 1567 274 1652 junioribus
286 1567 555 1630 concubiculariis
572 1567 657 1630 bene
671 1567 852 1645 consulant,
872 1567 955 1630 bene
973 1567 1188 1633 exhortentur
1204 1578 1237 1632 ot

89 1653 213 1716 bouum
238 1654 407 1737 praebeant
431 1653 630 1739 exemplum,
653 1654 687 1716 in
712 1653 891 1739 disciplinis
916 1653 1081 1732 erudiant,
1106 1655 1237 1718 crebras

87 1739 364 1822 transgressiones
374 1747 528 1803 eterrata
542 1739 590 1802 eis
600 1739 806 1817 denuntient,
819 1742 1014 1824 exprobrent
1026 1748 1060 1804 et
1071 1741 1236 1827 objiciant,

85 1834 123 1889 et
149 1827 178 1888 si
205 1847 339 1890 necesse
364 1827 427 1890 erit
452 1847 492 1888 ea
516 1824 559 1888 ad
584 1824 831 1904 Praesidentem,
851 1825 1160 1908 Vicepraesidentem
1187 1829 1237 1890 rol

87 1912 251 1989 Decanos,
266 1913 506 1998 quamprimum
521 1911 668 1976 deferant
682 1910 784 1975 verbo
798 1911 852 1974 vel
866 1913 1003 1997 scriptis.

129 2058 213 2144 Cap.
229 2059 282 2125 37.
307 2061 360 2124 De
367 2062 562 2145 pensionibus
575 2083 612 2124 oc
624 2059 784 2146 stipendiis
793 2059 996 2123 Praesidentis
1009 2069 1038 2122 et
1052 2062 1194 2126 oliorum.

18 2197 27 2203 ·
131 2169 311 2234 Libentius
335 2170 465 2234 subitur
486 2170 578 2234 labor
601 2169 653 2233 cui
677 2168 854 2255 respondet
868 2168 1133 2242 emolumentum,
1150 2173 1237 2236 effla·

84 2258 237 2342 gitatque
254 2257 386 2342 justitia
397 2265 437 2321 ut
452 2257 738 2320 benemerentibus
749 2257 879 2342 justum
895 2254 1052 2338 reddatur
1066 2259 1236 2342 praemium

84 2355 120 2409 et
128 2365 190 2429 pro
200 2343 322 2407 meritis
333 2350 493 2429 augeatur
504 2366 637 2407 merces.
655 2343 848 2421 Statuimus,
861 2343 983 2428 itaque,
1000 2348 1038 2407 ut
1050 2343 1235 2411 Praesidens
1249 2372 1335 2433 sum
1345 2376 1374 2419 or
1393 2375 1396 2379 ·

86 2430 191 2494 nostri
217 2429 370 2515 Collegii,
385 2430 444 2512 qui
466 2430 540 2514 plus
564 2430 688 2493 caeteris
712 2439 764 2493 est
790 2429 1000 2493 laboraturus
1032 2430 1234 2515 majoresque
1249 2431 1384 2478 P¹e¹¹d⁶¹¹²

84 2517 296 2581 adhibiturus
324 2538 421 2580 curas
443 2530 475 2580 et.
503 2517 640 2602 vigilias,
670 2518 794 2602 quippe
822 2516 968 2579 omnium
995 2516 1177 2583 Praesidens
1201 2530 1234 2585 et

85 2604 244 2681 minister,
268 2624 329 2686 pro
355 2625 414 2666 suo
435 2602 695 2681 salarioannuo,
710 2602 800 2666 ultra
821 2624 861 2665 ea
883 2624 955 2683 quae
978 2602 1112 2666 inferius
1133 2608 1233 2691 assig-

85 2703 209 2753 nantur
224 2699 258 2752 et
272 2710 346 2775 quar
361 2689 402 2752 de
414 2695 489 2775 jure
504 2697 703 2753 statutorum
718 2697 752 2753 et
767 2688 1011 2753 ordinationum
1032 2690 1138 2753 nostri
1155 2691 1232 2755 Col-

84 2776 161 2863 legii
177 2776 240 2838 erit
255 2774 336 2838 alias
348 2783 570 2860 percepturus,
586 2774 628 2839 de
644 2775 740 2839 bonis
756 2774 854 2860 hujus
870 2774 1021 2858 Collegii,
1037 2775 1079 2839 ad
1088 2786 1232 2859 quatuor

84 2863 166 2926 anni
180 2864 343 2941 terminos,
353 2883 412 2946 per
422 2884 538 2925 manus
550 2862 831 2947 Dispensatorem,
841 2860 951 2924 decem
966 2860 1067 2924 libras
1079 2864 1232 2950 sterling-

0 2969 1 2980 *
82 2951 177 3012 orum
196 2948 341 3033 recipiet,
354 2947 515 3026 videlicet,
533 2968 594 3033 pro
612 2948 756 3031 quolibet
768 2948 907 3012 termino
920 2946 1163 3031 quinquaginta
1182 2974 1230 3014 so·
1246 2974 1387 3019 Alrowanee

84 3033 179 3099 lidos.
211 3033 346 3097 Habeat
356 3034 456 3099 etiam
467 3056 526 3121 pro
536 3056 582 3111 sc,
594 3033 724 3097 duobus
740 3032 959 3097 servientibus
969 3040 1002 3095 et
1017 3034 1132 3095 clerico
1146 3057 1228 3097 com·
1245 3031 1372 3135 qfchorses,

84 3122 170 3206 puti,
186 3120 217 3183 si
238 3119 304 3184 tale
318 3129 451 3205 pactum
466 3120 508 3184 de
524 3142 608 3201 equo
623 3142 694 3183 cum
712 3142 751 3183 eo
766 3120 922 3196 inierunt,
939 3126 973 3181 et
992 3138 1052 3202 pro
1066 3118 1161 3181 Socio
1176 3122 1235 3202 qui
1282 3123 1287 3135 '

83 3208 295 3290 equitaturus
309 3214 360 3270 est
374 3229 447 3269 cum
465 3204 667 3269 Praesidente
680 3206 713 3268 in
726 3226 914 3289 progressu,
925 3202 1070 3286 quinque
1085 3226 1185 3285 equos
1200 3216 1235 3269 et

84 3314 250 3376 nunquam
266 3292 378 3379 plures
394 3292 436 3356 ad
451 3314 536 3356 onus
548 3292 708 3377 Collegii:
732 3313 815 3375 quos
830 3288 964 3371 quidem
978 3310 1077 3369 equos
1091 3298 1233 3371 quatuor

83 3380 153 3443 sive
167 3380 311 3462 quinque
325 3380 453 3461 quoties
467 3378 656 3454 defecerint,
668 3398 861 3459 quocunque
876 3397 954 3438 casu
970 3383 1027 3437 aut
1039 3397 1233 3459 quacunque

82 3487 193 3543 causa,
216 3466 366 3528 volumus
391 3475 429 3529 ut
452 3472 606 3528 emantur
631 3464 707 3527 nori
729 3471 764 3526 et
792 3462 847 3525 alii
878 3481 920 3524 ex
943 3462 1100 3547 impensis
1132 3466 1233 3527 nostri

82 3551 239 3636 Collegii,
256 3551 440 3635 provisione
457 3548 740 3636 Vicepraesidentis
759 3557 794 3612 et
812 3547 950 3611 senioris
971 3546 1233 3633 Dispensatoris,

80 3660 165 3721 quos
193 3636 344 3700 volumus
368 3637 533 3702 attendere
559 3636 739 3723 diligenter
763 3634 806 3698 ad
827 3654 940 3698 omnes
966 3634 1132 3720 impensas
1159 3659 1230 3719 quae
1312 3638 1315 3645 '

82 3726 167 3788 fiant
181 3722 265 3787 circa
279 3744 378 3805 equos
404 3731 438 3787 et
463 3722 641 3800 stabulum,
661 3742 703 3785 ne
725 3720 865 3784 nimium
886 3719 1047 3785 increscat
1071 3734 1230 3807 sumptus,
1340 3728 1341 3733 ’

83 3807 129 3875 Et
144 3832 256 3874 eorum
271 3810 425 3873 mandato
441 3832 478 3874 ac
492 3808 628 3873 consilio
650 3804 860 3893 provideatur
876 3827 936 3891 pro
952 3807 1074 3889 equino
1096 3809 1228 3891 pabulo,

82 3904 143 3961 aut
172 3896 332 3983 gramine,
356 3918 431 3959 cum
459 3904 592 3981 tempus
620 3892 730 3969 fuerit,
759 3893 856 3967 scene,
886 3893 1053 3964 stramine,
1081 3914 1166 3977 pane
1196 3906 1229 3957 et

80 3985 208 4047 caeteris
222 3982 429 4059 necessariis3
453 4004 491 4045 ae
514 3982 651 4067 insuper
671 4001 731 4065 pro
754 3978 952 4041 ornamentis
970 3987 1112 4061 quatuor
1131 4001 1229 4061 equo-

82 4092 157 4133 rum
173 4068 225 4133 rel
244 4068 400 4151 quinque,
414 4090 490 4131 cum
506 4088 590 4152 opus
605 4068 712 4145 fuerit,
727 4064 827 4136 cellis,
843 4064 960 4133 fraenis,
975 4066 1175 4125 ferramentis
1195 4073 1229 4127 et

2 4176 11 4192 ‘
82 4155 156 4220 aliis
178 4154 390 4231 necessariis3
412 4164 447 4217 et
470 4153 599 4236 quoties
621 4174 706 4237 opus
729 4150 828 4213 fuerit
839 4148 1058 4231 ‘reparatione
1079 4157 1113 4210 ct
1136 4170 1229 4212 reno-

81 4242 223 4318 vatione,
254 4241 357 4303 nostri
386 4239 528 4325 Collegii
556 4238 719 4324 impensis
770 4234 907 4297 Habeat
931 4235 1033 4296 etiam
1062 4231 1101 4295 de
1132 4234 1227 4297 bonis
1241 4266 1396 4317 mma,

82 4327 222 4411 Collegii
231 4348 291 4425 pro
305 4326 466 4390 ambobus
481 4328 548 4388 suis
562 4322 704 4417 famulis,
720 4320 862 4419 singulis
880 4320 981 4417 annis,
999 4341 1064 4418 'pro
1081 4321 1226 4385 vestibus
1241 4336 1362 4373 servants.

80 4413 197 4498 longis,
215 4433 326 4498 rrrgas
349 4424 437 4488 octo;
461 4412 604 4500 pretium
618 4410 718 4492 virgae
736 4420 801 4469 smt
824 4416 889 4468 tres
911 4403 1007 4467 solrdr
1033 4414 1067 4466 et
1089 4416 1232 4487 quatuor

607 4494 691 4578 (ιο.)
1076 4510 1097 4553 0

1391 4473 1464 4487 Λ
