3000 4700
319 190 635 324 amassem
652 229 771 296 canae
789 231 914 316 corae,
935 231 1062 318 effora
1222 233 1264 296 ss

0 422 2 427 ·
111 391 291 457 officiorum
320 413 463 459 suorum,
518 392 615 468 Quod
639 395 736 472 idem,
761 397 874 461 statim
897 415 971 482 post
993 395 1429 484 Dispensatores,ffl„t10„0f

111 479 234 543 faciant
248 479 307 542 alii
321 479 467 542 officiarii
480 480 636 565 clavigeri
650 502 765 544 omnes
779 492 898 567 praeter
912 483 1154 563 Prasidentem,
1170 483 1261 546 vide·
1273 490 1381 538 Officers·

112 565 191 628 licet
216 566 351 645 Decani,
368 564 489 629 deinde
508 565 781 665 Vicepraesidens,
798 569 931 655 suisque
956 569 1069 633 officiis
1090 567 1260 638 decedant.

112 652 189 726 Quo
217 650 312 731 facto,
349 651 393 716 ad
426 651 719 738 Vicepraesldentis
750 664 1007 741 caeterorumque
1035 655 1261 720 officiariorum

111 737 303 802 electionem
328 737 533 825 procedatur,
551 738 656 802 veluti
679 761 699 802 a
713 740 810 803 nobis
832 764 932 826 supra
955 750 1006 805 est
1028 750 1260 828 praenotatum,

3 858 10 880 r
109 823 229 888 ordine
254 824 490 910 resignationis
514 822 677 890 eonverso.
722 825 885 912 Nullique
911 828 1006 891 liceat
1030 827 1170 892 officium
1194 829 1259 892 sibi

110 909 308 994 deputatum
336 932 495 987 recusare,
513 921 572 974 aut
597 911 694 974 simul
721 910 788 975 duo
814 935 853 975 ex
877 913 973 977 dictis
1003 913 1116 977 officiis
1133 937 1256 999 gerere.

110 995 250 1059 Proviso
272 1011 320 1072 ut,
335 997 395 1082 qui
417 996 519 1060 semel
542 997 585 1060 ad
609 996 743 1080 aliquod
765 999 904 1062 officium
928 999 962 1062 in
981 1011 1089 1062 nostro
1105 999 1257 1086 Collegio

109 1081 234 1145 electus
253 1083 366 1158 fuerit,
388 1083 417 1146 is
439 1090 517 1146 ante
541 1082 668 1146 finalem
683 1093 869 1169 computum
893 1085 981 1149 illius
996 1086 1074 1149 anni
1088 1083 1131 1148 ad
1155 1084 1257 1149 alium
1283 1097 1288 1108 '

108 1168 249 1232 officium
265 1168 511 1255 incompatibile
526 1168 652 1233 invitus
671 1169 806 1233 minime
828 1171 972 1256 eligatur
987 1183 1042 1236 aut
1059 1171 1257 1236 admittatur.

107 1253 278 1318 Lectorem
305 1264 416 1319 autem
437 1254 617 1340 publicum,
628 1255 769 1319 invitum
785 1257 836 1320 vel
860 1257 1036 1332 volentem,
1060 1258 1100 1320 ad
1124 1257 1257 1344 aliquod

108 1339 202 1403 aliud
226 1341 368 1404 officium
388 1341 423 1404 in
449 1348 562 1405 nostro
587 1341 737 1427 Collegio
760 1342 851 1426 eligi,
868 1342 1022 1428 deputari
1043 1353 1100 1408 aut
1124 1345 1256 1423 assumi,

107 1427 262 1490 nolumus
278 1427 347 1491 ullo
357 1427 466 1492 modo.
1226 1462 1230 1468 ⁴

133 1563 217 1649 Cap.
232 1563 288 1631 41.
320 1566 372 1628 De
384 1567 519 1650 expansis
532 1585 633 1630 eorum
648 1567 704 1650 qui
718 1567 752 1628 ia
766 1569 892 1652 nepotiis
910 1567 1038 1652 Colapis·
1049 1571 1235 1634 emittuntur.

151 1687 261 1750 Nemo
280 1686 404 1751 militat
423 1687 492 1751 suis
515 1685 699 1772 stipendiis,
721 1697 852 1752 auctore
870 1687 1040 1773 Apostolo,
1064 1689 1184 1778 dignus
1204 1697 1255 1754 est

106 1773 196 1837 enirn
210 1773 379 1858 operarius
402 1773 549 1838 mercede
565 1795 639 1839 sua„
680 1773 866 1837 Statuimus
888 1775 1000 1860 itaque
1014 1784 1053 1838 ut
1068 1774 1180 1840 Socius
1195 1785 1253 1839 aut
1267 1789 1392 1848 Expenses

106 1859 194 1923 alius
219 1860 418 1946 quicunque,
435 1859 475 1924 ad
497 1860 632 1944 negotia
651 1859 791 1944 Collegii
806 1859 959 1924 obeunda
977 1861 1125 1929 emissus,
1148 1862 1251 1926 consi·
1265 1849 1417 1954 gfgfflw

106 1944 223 2010 derata
233 1968 338 2009 causae
353 1953 387 2010 et
401 1946 527 2028 negotii
543 1946 712 2032 qualitate,
730 1947 791 2008 loci
806 1947 965 2009 distantia
977 1956 1011 2009 et
1026 1947 1101 2010 aliis
1116 1948 1252 2011 circum·
1264 1965 1351 2011 absens
1361 1981 1393 2013 on

2 2069 7 2076 ·
103 2033 247 2111 stantib,
264 2033 401 2098 arbitrio
425 2031 648 2109 Praesidentis,
665 2031 718 2094 vel
735 2053 775 2093 eo
798 2033 933 2095 absente
953 2032 1250 2116 Vioepraesidentis,
1264 2024 1375 2130 ffiggesss

105 2128 140 2182 et
162 2131 302 2202 utroque
324 2120 462 2182 absente
486 2117 764 2204 Vicepraesidents
779 2117 939 2202 deputati,
956 2118 1054 2180 unius
1070 2117 1198 2181 Decani
1219 2128 1253 2197 et
1377 2117 1382 2129 '

105 2206 205 2268 unius
223 2206 478 2290 Dispensatoris,
502 2226 664 2288 expensas
687 2201 804 2267 habeat
827 2203 1038 2266 necessarias.
1084 2203 1148 2283 Ita,
1164 2203 1254 2290 quod

103 2292 232 2357 Soeiiet
243 2293 301 2356 alii
336 2291 498 2377 uicunquc
510 2313 617 2354 coram
630 2288 796 2375 praedictis
807 2289 952 2375 personis
967 2289 1255 2363 fidelemreddant

103 2387 294 2463 computum
311 2315 352 2442 de
367 2378 556 2462 hujusmodi
569 2377 717 2462 expensis
739 2376 843 2456 factiS,
860 2378 894 2440 in
909 2378 995 2440 veris
1011 2386 1046 2442 et
1068 2378 1165 2441 certis
1181 2400 1253 2463 par·

104 2466 214 2528 ticulis
229 2477 261 2528 et
282 2488 348 2529 non
362 2464 443 2543 aliis,
460 2463 665 2549 singillatim,
678 2464 713 2526 in
728 2465 865 2549 scriptiS,
881 2464 969 2527 intra
980 2464 1061 2527 duos
1077 2464 1148 2528 dies
1163 2473 1255 2551 post·

103 2574 206 2637 quam
221 2552 387 2629 redierint,
401 2552 464 2614 sub
478 2572 575 2636 poena
593 2548 776 2612 amissionis
792 2554 933 2614 omnium
950 2550 1109 2614 dictarum
1132 2561 1253 2636 expen-

104 2659 224 2701 sarum.
267 2639 308 2701 Et
324 2638 384 2723 qui
399 2638 444 2700 ita
459 2638 492 2699 in
507 2635 651 2720 negotiis
673 2634 822 2721 Collegii,
847 2635 898 2699 vel
919 2639 1019 2701 etiam
1030 2636 1181 2722 propriis,
1196 2646 1255 2701 aut

103 2746 165 2809 per
188 2724 349 2805 integram
380 2723 595 2809 septimanam
618 2733 677 2785 aut
700 2742 758 2807 per
780 2728 936 2809 majorem
966 2734 1091 2809 partem
1122 2722 1254 2795 affuere,

103 2832 218 2873 eorum
241 2810 368 2874 interea
382 2810 571 2874 eommuniae
585 2806 628 2872 ad
643 2806 824 2873 utilitatem
846 2818 881 2873 et
896 2809 1132 2874 incrementum
1148 2817 1253 2873 trans-

105 2900 253 2965 ferantur
268 2896 421 2981 Collegii.

335 3043 416 3128 Cap.
431 3042 482 3103 42.
507 3043 560 3106 De
576 3044 714 3107 custodia
731 3044 873 3107 bonorum
892 3041 1029 3127 Collepii.

147 3152 186 3216 In
200 3174 237 3216 re
253 3153 406 3217 familiari
422 3151 503 3215 nihil
518 3160 570 3214 est
579 3150 730 3236 diligenti
743 3149 878 3214 custode
892 3150 1110 3215 commodius:
1127 3151 1254 3237 quippe

102 3260 155 3301 res
178 3241 283 3303 omnis
305 3246 429 3323 quanto
459 3235 636 3323 pretiosior
665 3244 760 3301 tanto
781 3237 925 3314 celerius
949 3238 1013 3298 nisi
1041 3250 1252 3310 conservetur,

103 3327 230 3410 patitur
237 3328 399 3408 jacturam
412 3332 447 3389 et
461 3324 627 3387 damnum.
673 3323 858 3386 Statuimus
874 3323 985 3407 itaque
1000 3332 1039 3385 ut
1050 3324 1250 3397 vestimenta,
1266 3352 1374 3412 eustody
1389 3354 1420 3398 or·

3 3413 12 3437 “’
103 3410 228 3489 calices,
242 3422 275 3475 et
288 3413 352 3475 alia
362 3433 441 3475 vasa
450 3418 484 3473 et
498 3417 691 3472 ornamenta
706 3430 797 3473 sacra
811 3408 941 3493 (jocalia
957 3407 1154 3493 appellant),
1165 3408 1250 3485 libri,
1264 3411 1400 3457 messores

103 3507 162 3561 ant
177 3498 239 3561 alia
253 3522 326 3581 quae
342 3498 384 3560 ad
399 3496 551 3561 sacellum
568 3495 717 3567 attinent,
735 3496 799 3557 nisi
814 3496 897 3557 forte
913 3494 1089 3558 eorundem
1104 3493 1250 3577 quaedam
1263 3470 1355 3575 iffi
1366 3468 1415 3515 md

102 3584 217 3647 tutiori
237 3585 308 3647 loeo
331 3584 451 3648 fuerint
465 3580 683 3653 recondenda,
698 3604 737 3644 ex
753 3589 864 3645 nostra
880 3592 935 3644 aut
951 3581 1085 3645 aliorum
1099 3581 1251 3669 largitate

102 3669 191 3734 dicto
203 3670 361 3756 Collegio,
372 3679 409 3734 ut
425 3670 534 3733 divina
549 3666 1177 3753 honorificentiusperagantur,collata,
1192 3678 1252 3733 aut

101 3779 141 3821 ex
158 3756 251 3819 bonis
268 3757 410 3844 Collegii
423 3754 587 3838 acquisita,
603 3754 636 3815 in
653 3754 791 3818 sacrario
810 3756 877 3817 sive
899 3756 1053 3818 vestiario
1066 3763 1251 3843 tutorepo·

101 3853 225 3907 uantur
246 3851 281 3907 et
296 3852 513 3915 reserventur,
536 3841 599 3903 nisi
612 3838 744 3921 quando
761 3839 803 3904 ad
819 3839 931 3904 divina
946 3842 1048 3906 officia
1062 3841 1129 3905 sint
1143 3852 1250 3906 extra-

101 3929 219 3994 henda.
264 3930 348 4004 Quae
373 3930 445 3995 ullo
466 3948 611 4010 unquam
634 3936 791 4010 tempore,
822 3948 1015 4009 quocunque
1046 3927 1251 3992 alienationis

3 4022 9 4035 '
100 4015 210 4093 titulo,
231 4016 264 4079 in
289 4016 385 4079 aliam
408 4034 578 4100 personam
602 4012 768 4076 transferri
794 4034 852 4075 seu
872 4013 1085 4098 impignorari
1105 4011 1250 4078 districte

100 4103 323 4191 prohibemus,
333 4112 391 4166 aut
400 4100 515 4166 eadem
527 4107 622 4163 extra
636 4098 773 4185 Collegii
787 4106 881 4185 septa
893 4097 1106 4182 quovismodo
1121 4097 1249 4171 deferri,

100 4188 166 4253 nisi
181 4192 290 4275 gratia
298 4186 489 4253 emendandi
500 4193 558 4250 aut
573 4184 757 4271 reparandi,
774 4183 876 4248 aliave
892 4182 996 4247 ardua
1012 4192 1046 4246 et
1068 4186 1252 4249 necessaria

101 4298 210 4351 causa,
224 4298 285 4362 per
300 4273 536 4340 Praesidentem
558 4270 613 4336 vel
634 4292 674 4334 co
695 4271 832 4334 absente
846 4268 1165 4356 Vicepraesidentem,
1182 4271 1251 4335 De-

100 4384 209 4441 canos,
223 4364 484 4449 Dispensatores,
493 4369 527 4423 et
543 4357 624 4421 duos
634 4357 713 4421 alios
727 4378 766 4420 ex
781 4364 905 4443 septem
919 4355 1251 4422 maximesenioribus

101 4450 205 4513 Sociis
214 4450 320 4515 nostri
330 4446 479 4532 Collegii,
496 4442 720 4530 approbanda,
736 4444 831 4505 asad
847 4450 977 4527 ternpus
992 4442 1158 4527 exportari
1172 4465 1247 4506 con·

99 4536 224 4622 tigerit.
270 4535 352 4613 Quae
367 4534 484 4604 omnia,
499 4539 658 4614 quantum
674 4528 718 4593 ad
732 4528 971 4605 alienationem,
982 4527 1130 4594 volumus
1138 4529 1248 4595 obser·

1424 4476 1478 4497 Δ
