3000 4700
255 177 317 244 110
456 174 589 244 asae·
603 173 771 260 qoem
790 171 908 239 ciaet
925 171 1051 258 consp,
1071 171 1200 257 czfors.
1236 113 1246 128 ’

254 344 407 432 Collegii,
428 343 522 408 etad
537 344 602 409 alia
616 345 801 408 necessaria
819 343 1016 408 intrinsecus
1037 348 1072 406 et
1089 343 1295 407 extrinsecus
1311 341 1413 426 juxta
1490 373 1493 380 ·

253 430 479 530 ordinationes
494 429 641 580 eppadem
666 428 904 531 supportanda,
920 430 1098 530 statuimus
1112 436 1146 492 ct
1161 428 1355 528 ordinamus
1370 437 1413 492 ut

254 528 345 595 tunc,
358 517 497 603 singulis
530 515 733 594 ebdomadis,
746 515 789 580 de
799 515 1004 615 singulorum
1014 515 1181 581 Sociorum
1193 523 1411 614 praesentium

255 613 290 670 et
305 605 445 668 aliorum
467 601 630 689 deprimo
645 602 759 668 ordine
780 601 822 666 de
843 597 999 689 pensrone
1015 600 1171 666 denarius
1196 622 1313 664 unicus
1329 601 1411 663 snb-

255 690 413 769 trahatur,
423 697 457 754 et
469 689 512 754 ad
524 689 797 754 restaurationem
808 697 842 753 ct
851 689 1092 836 reparationem
1103 685 1291 752 defectuum
1302 708 1410 750 reser-

256 785 350 842 vetur
369 786 404 840 et
419 783 639 846 convertatur,
666 797 840 875 quousque
860 797 880 839 a
925 773 1111 860 pristinum,
1135 773 1189 838 vel
1208 774 1326 837 saltem
1348 795 1411 858 pro

255 861 409 928 omnibus
417 884 478 949 per
486 863 687 926 nosstatutis
696 862 920 938 sufficientem,
930 867 1052 937 statum
1062 859 1410 946 Collegiumnostrum

95 971 210 1017 annuae
256 949 443 1015 reducatur.
490 949 535 1013 Et
559 949 635 1032 quia
649 946 693 1012 ad
709 947 841 1012 domum
867 947 901 1009 in
931 967 997 1032 qua
1018 954 1155 1011 manent
1179 954 1214 1010 et
1240 945 1283 1010 ad
1308 967 1409 1008 suurn

95 1030 235 1134 uoppgqm
256 1034 496 1122 receptaculum
511 1035 615 1119 magis
628 1035 815 1121 perspicere
824 1031 956 1111 debent,
973 1032 1149 1096 statuimus
1164 1039 1204 1096 ut
1217 1031 1260 1096 ad
1275 1053 1408 1118 repara·

94 1103 169 1194 birri
200 1149 235 1194 irs
256 1125 378 1188 tionem
405 1120 527 1199 sacelli,
551 1121 646 1198 aula,
677 1127 735 1183 aut
759 1119 896 1184 aliorum
920 1117 1129 1182 edificiorum
1156 1119 1408 1182 intrinsecorum

94 1161 227 1252 ⁰f¹⁴⁵ff⁰¹
257 1208 351 1273 Colle
375 1207 405 1286 ·i‚
417 1207 445 1271 si
460 1204 594 1292 grandis
608 1206 779 1270 immineat
794 1211 946 1291 sumptus
961 1205 995 1268 in
1010 1205 1141 1268 casibus
1151 1203 1326 1290 praedictis,
1342 1204 1408 1266 siu-

257 1295 344 1380 gulis
381 1291 584 1369 ebdomadis,
600 1291 643 1356 de
658 1290 861 1376 singulorum
877 1290 1094 1377 pensionibus
1111 1293 1145 1354 in
1160 1291 1265 1378 primo
1289 1289 1409 1355 ordine

256 1390 322 1444 tres
343 1378 478 1458 denarii,
493 1400 531 1442 ac
553 1377 595 1442 de
617 1379 820 1464 singulorum
843 1377 1057 1463 pensionibus
1075 1375 1267 1442 insecundo
1290 1375 1410 1441 ordine

256 1465 469 1544 duodenarii,
481 1463 728 1542 subtrahantur,
738 1472 772 1528 et
781 1464 859 1528 inre
884 1463 1063 1528 arationem
1075 1462 1263 1548 hujusmodi
1271 1485 1408 1527 conver-

255 1559 367 1616 tantur
382 1559 417 1616 et
433 1549 574 1615 fideliter
596 1550 839 1637 expendantur,
856 1485 960 1614 donec
977 1548 1165 1636 hujusmodi
1178 1549 1408 1634 reparationes

255 1637 454 1702 sufficienter
475 1636 604 1727 reiectas
626 1645 661 1701 et
685 1645 917 1701 consummatas
942 1635 1074 1700 fuerint.
1129 1635 1226 1710 Quod
1249 1636 1278 1699 si
1300 1637 1408 1720 major

95 1732 201 1780 Furtum
256 1723 363 1788 adhuc
386 1730 505 1810 urgeat
531 1724 626 1786 ruina
650 1731 710 1787 aut
728 1725 859 1809 jactura
885 1744 984 1809 qnam
1008 1730 1047 1786 nt
1069 1743 1128 1808 per
1157 1723 1238 1786 banc
1262 1721 1407 1786 diminu-

94 1793 203 1896 ζξοζῗζζ
256 1809 380 1874 tionem
394 1809 534 1887 restitui,
549 1810 737 1888 instaurari,
754 1818 812 1874 aut
826 1809 904 1873 ferri
919 1817 952 1872 et
965 1809 1154 1887 sustentari,
1170 1809 1284 1893 possit,
1302 1815 1362 1872 aut
1377 1807 1408 1871 si

94 1909 200 1955 essuos
255 1895 406 1960 redditus
421 1903 455 1960 et
469 1896 688 1981 possessiones
712 1917 772 1982 per
798 1917 856 1958 nos
873 1895 1040 1981 deputatae
1054 1896 1107 1960 vel
1122 1902 1313 1960 executores
1328 1916 1406 1958 nos·

93 1967 163 2013 Μ
256 1990 327 2046 tros
354 1981 463 2047 eidem
491 1982 628 2062 collatas,
657 1990 716 2045 aut
737 1981 780 2046 de
806 1983 903 2046 bonis
932 1981 1079 2069 ejusdem
1109 1980 1325 2068 acquirendas,
1355 1981 1407 2046 ita

255 2067 482 2133 diminuantur
495 2076 535 2133 ut
555 2068 732 2134 adomnia
754 2089 855 2132 onera
877 2068 912 2131 in
937 2069 1072 2132 statutis
1093 2068 1214 2132 nostris
1239 2065 1407 2154 descripta

254 2175 318 2217 uon
349 2156 520 2235 sufficiant,
545 2162 623 2219 tunc
648 2152 801 2219 volumus
824 2161 863 2217 ut
893 2152 934 2217 de
956 2153 1171 2238 pensionibus
1199 2154 1405 2237 singulorum

254 2241 431 2319 Sociorum,
441 2241 635 2305 scholarium
647 2248 680 2304 et
691 2239 940 2327 discipulorum,
951 2239 1099 2324 ejusdem
1110 2239 1321 2304 subtrahatur
1337 2241 1405 2304 sin·

257 2327 345 2412 gulia
369 2327 464 2391 annis
489 2335 550 2391 aut
571 2327 844 2392 unusterminua
860 2333 919 2391 aut
936 2325 1097 2391 medietas
1112 2326 1279 2413 pensionis
1303 2350 1405 2413 gene·

256 2414 355 2477 ralis:
378 2422 413 2477 et
437 2419 515 2476 tunc
529 2413 626 2477 liceat
641 2415 818 2500 unicuique
836 2413 940 2477 nostri
966 2413 1110 2499 Collegii
1131 2417 1344 2499 quantumvis
1368 2416 1404 2479 in

257 2496 458 2585 stipendium
479 2519 545 2562 non
571 2507 777 2586 perpetuum,
804 2499 848 2563 ad
871 2497 1031 2563 orandum
1057 2507 1091 2565 et
1117 2500 1347 2564 celebrandum
1369 2503 1404 2565 in
1492 2542 1493 2545 =

256 2593 371 2649 nostro
388 2584 550 2669 Collegio,
565 2607 585 2647 a
602 2586 862 2671 quibuscunque,
878 2608 1053 2673 quousque
1066 2586 1240 2673 pensiones
1262 2586 1405 2673 Collegii
1492 2618 1493 2621 ¹

256 2671 462 2747 recreverint,
477 2671 630 2755 recipere,
646 2691 712 2734 non
729 2674 881 2736 obstante
896 2680 1006 2737 nostro
1017 2680 1143 2737 statuto
1154 2674 1188 2735 in
1204 2674 1406 2738 contrarium

92 2764 198 2811 uurmer
256 2757 356 2821 edito.
401 2754 498 2834 Quod
512 2758 540 2819 si
554 2755 622 2819 haec
637 2756 827 2841 hujusmodi
840 2759 1019 2823 subtractio
1040 2758 1146 2822 adhuc
1168 2780 1233 2822 non
1254 2760 1404 2833 sufficiat,

89 2824 202 2930 25¹2?sp
257 2850 337 2909 tunc
366 2842 517 2907 volumus
546 2841 635 2928 quod
665 2844 708 2907 ab
735 2846 888 2907 omnibus
913 2853 1033 2933 praeter
1069 2844 1306 2908 Praesidentem
1336 2854 1403 2911 tres

256 2939 367 3017 partes
387 2928 555 3015 pensionis
577 2930 766 3016 hujusmodi
785 2930 995 3007 auferantur3
1018 2944 1059 3002 et,
1078 2932 1106 2994 si
1126 2930 1269 3017 Oollegii
1289 2952 1402 2997 neccs-

256 3015 570 3166 fimtpflidentis
585 3024 620 3080 et
631 3024 759 3166 {eptem
775 3017 939 3166 scniprurp
949 3016 1003 3117 vel
1026 3016 1158 3103 majoris
1173 3018 1275 3117 partis
1292 3017 1403 3117 Socio-

92 3105 1403 3277 paren„tt.³tsstttilttttttttttgtt‘ttttttltt,3¹33

91 3260 230 3358 pgqspppu
254 3298 316 3341 nos
339 3276 539 3361 assignatam
553 3275 625 3339 sine
640 3274 869 3353 diminutione,
886 3275 1045 3362 quamdiu
1061 3275 1279 3341 effectualiter
1294 3285 1328 3341 et
1341 3299 1401 3362 pro

92 3372 172 3442 enare
201 3374 209 3387 “
255 3363 334 3426 totis
347 3363 473 3426 viribus
487 3368 522 3424 et
536 3362 667 3446 ingenio
681 3361 819 3437 laboret,
834 3363 970 3435 nitatur,
986 3362 1118 3427 studeat
1135 3370 1170 3427 et
1185 3363 1219 3426 vi
1245 3363 1314 3441 let,
1328 3363 1401 3429 dies

93 3430 224 3546 {350sp
255 3457 445 3534 noctesque,
467 3445 512 3511 ad
527 3447 764 3511 incrementum
779 3454 813 3509 et
828 3449 1131 3532 augmentationem
1143 3448 1220 3535 [red
1243 3450 1353 3513 ituum
1367 3461 1400 3516 et

280 3543 473 3597 roventuum
502 3532 546 3596 ad
574 3542 765 3596 ceterorum
789 3536 1062 3599 sustentationem
1092 3545 1128 3601 et
1154 3536 1320 3623 levamen]
1332 3560 1341 3614 3
1370 3552 1401 3601 et

255 3556 317 3682 iios
325 3618 559 3682 committimus
568 3618 696 3681 sincero
705 3626 739 3681 et
748 3639 816 3681 non
825 3630 979 3705 corrupto
983 3622 1399 3709 judicioVicepraesidentis

256 3711 291 3768 et
305 3710 431 3791 septem
443 3702 620 3780 seniorum,
635 3713 693 3769 aut
705 3704 994 3791 Vicepraesidcntis
1010 3716 1043 3772 et
1059 3708 1311 3795 majoriapartis
1326 3730 1398 3796 aep-

255 3797 323 3855 tem
338 3790 512 3853 seniorum.
559 3790 619 3855 Sin
630 3791 817 3877 negligens,
834 3799 978 3878 torpens,
992 3801 1026 3858 et
1040 3793 1124 3858 nihil
1140 3802 1199 3859 aut
1209 3816 1328 3880 parum
1342 3818 1398 3859 ou·

256 3898 343 3954 rans,
362 3874 605 3962 perpraedictoa
614 3876 794 3963 judicetur,
808 3877 959 3965 privetur
996 3880 1077 3945 rimo
1091 3880 1248 3966 pensione
1266 3903 1325 3945 sua
1363 3904 1398 3946 ro

256 3985 323 4027 uno
334 3962 484 4033 termino,
500 3967 534 4025 ct
543 3963 573 4025 si
586 3984 652 4026 non
666 3964 712 4028 sic
724 3965 859 4051 penitus
871 3902 1103 4044 emendaverit,
1116 3966 1265 4052 privetur
1278 3904 1399 4032 medie

93 4062 172 4109 vnn
256 4055 326 4114 tate
334 4048 508 4135 pensionis.
542 4049 591 4113 Ac
600 4048 733 4130 deinde,
742 4050 772 4115 si
786 4072 919 4117 necesse
931 4052 1005 4133 erit,
1017 4054 1208 4137 auferantur
1219 4076 1329 4118 omnes
1339 4076 1397 4141 pe-

93 4121 225 4226 ffiffi
256 4136 361 4200 cuniae
377 4158 461 4222 quas
477 4157 538 4221 pro
560 4137 754 4201 communiis
772 4138 858 4203 inter
877 4160 944 4217 eos,
967 4150 1032 4203 tam
1051 4138 1170 4204 diebus
1187 4140 1280 4205 festis
1299 4163 1397 4228 quam

92 4239 120 4282 sn
129 4250 184 4284 ease
195 4238 226 4284 of
254 4223 465 4321 exequiarum
479 4221 696 4300 celebrandis,
720 4223 773 4287 vel
795 4246 856 4310 pro
871 4224 1074 4289 sublevanda
1086 4224 1244 4289 frumenti
1259 4235 1317 4291 aut
1330 4228 1396 4292 vic·
1485 4276 1492 4301 ,-

92 4295 162 4341 md·
256 4308 395 4370 tuahum
414 4307 558 4379 caristia,
573 4330 673 4394 supra
687 4310 939 4457 assignavimus.
984 4311 1028 4373 Et
1043 4310 1071 4373 si
1087 4310 1194 4375 adhuc
1209 4334 1310 4376 onera
1324 4313 1396 4378 Col-

96 1263 197 1324 cusai.

90 4378 205 4480 ἓξὲξ·
254 4389 336 4473 legii
358 4392 462 4455 levari
484 4400 645 4477 oporteat,
655 4401 737 4456 'tunc
775 4395 1038 4481 ecrescatprimo
1053 4415 1211 4461 numerus
1233 4398 1397 4465 ministro·
1488 4433 1493 4456 .

89 4493 193 4539 number
202 4490 232 4535 of
253 4493 325 4536 rum
336 4476 457 4550 sacelli,
469 4484 587 4558 prater
601 4479 779 4550 sacristam,
793 4487 828 4542 et
840 4500 952 4543 eorum
964 4480 1068 4545 officia
1079 4481 1204 4545 interca
1218 4505 1279 4567 per
1290 4484 1399 4551 Socios
