3000 4700
260 225 305 292 88
464 226 597 292 &aaa
611 228 651 310 os
662 221 778 307 Corpus
796 220 914 286 Carini
931 219 1056 304 Callope,
1076 217 1204 303 Oeforei.

259 415 318 478 per
339 413 443 455 unum
458 389 601 466 Sosiam,
617 408 676 473 per
700 391 854 472 majorem
873 390 998 484 partem
1014 388 1139 470 septem
1161 382 1330 447 seniorum
1346 380 1405 446 eli-

260 478 416 564 gendum,
432 499 467 539 ao
484 497 543 561 per
565 474 717 538 clericum
740 480 898 558 computi,
913 478 970 534 ant
984 469 1175 534 necessitate
1189 475 1332 554 urgente
1347 490 1404 554 per

259 568 366 650 ipsum
388 562 628 633 presidentem,
643 560 686 625 ad
708 581 749 624 ea
764 555 954 644 peragenda
970 577 1043 638 quaa
1058 576 1157 641 supra
1171 555 1405 640 requiruntur;

259 651 310 713 vel
326 650 499 714 omittatur
519 647 576 712 illo
589 667 790 733 progressus
807 642 939 728 quando
958 641 1127 706 videbitur
1150 641 1314 742 praedietis
1337 663 1402 703 non

259 737 460 801 necessarius
482 734 540 798 sed
563 735 679 820 potins
698 738 919 817 sumptuosas.
966 728 1136 806 Volumus,
1151 749 1298 812 insuper,
1314 735 1353 790 ut
1369 727 1403 790 in

258 822 373 887 eodem
396 843 572 908 progressu
595 817 780 883 autumnali
802 826 860 880 aut
878 822 1002 902 postea,
1058 815 1241 878 relcricum
1256 814 1406 899 computi

258 918 316 972 aut
331 909 431 972 aliam
446 906 632 992 qnempiam
656 927 698 968 ex
717 901 873 968 mandato
898 902 1002 966 Praesi
1026 903 1109 966 entis
1131 901 1185 966 rel
1208 899 1404 985 Vicepraesi·

133 1021 158 1032 ··
191 1019 197 1040 ·
258 994 379 1074 dentis,
396 1005 592 1058 moneantur
606 1013 718 1056 omnes
732 1000 766 1054 et
779 987 1061 1076 singuliforinseei
1072 997 1265 1074 receptores,
1276 986 1404 1064 ballivi,

258 1081 393 1144 firmarii
406 1089 441 1145 et
456 1080 514 1144 alii
527 1086 764 1164 computantes,
787 1097 829 1140 ne
844 1075 1064 1159 ignorantiam
1081 1073 1225 1159 allegent
1249 1081 1285 1136 et
1303 1094 1403 1136 exeu-

257 1177 338 1246 sent,
355 1169 396 1231 de
410 1176 498 1230 certo
512 1164 567 1229 die
582 1163 779 1227 Novembris
799 1162 973 1246 assignato,
988 1182 1053 1244 quo
1069 1161 1178 1246 parati
1193 1161 1261 1224 sint
1278 1159 1405 1223 Oxonii

257 1254 291 1316 in
309 1265 420 1317 nostro
444 1251 595 1337 Collegio
618 1248 659 1313 ad
675 1247 876 1312 reddendum
891 1258 1081 1333 computum
1104 1245 1322 1329 redditusque
1336 1245 1401 1308 sol·

256 1339 381 1404 vendos
390 1363 400 1418 3
425 1339 489 1402 nisi
504 1336 679 1407 interdum,
694 1357 736 1399 ex
759 1333 895 1421 urgenti
916 1355 1023 1404 causa,
1037 1354 1096 1418 per
1112 1333 1352 1397 Praesidentem
1368 1341 1400 1395 et

256 1430 411 1510 majorem
467 1432 552 1488 rtem
564 1430 690 1508 septem
700 1421 868 1485 seniorum
880 1416 1103 1506 approbanda,
1110 1420 1184 1483 aliis
1197 1419 1400 1504 temporibus
1488 1423 1491 1496 ,j

255 1519 290 1574 et
312 1511 394 1575 alibi
416 1447 539 1575 debunt
557 1506 708 1573 faciendi.
754 1505 952 1577 statuentes,
966 1514 1135 1592 praeterea,
1148 1514 1188 1569 ut
1204 1527 1263 1590 per
1279 1506 1399 1568 Praesi-

255 1596 399 1676 dentem,
426 1603 486 1661 aut
499 1618 539 1660 eo
563 1616 606 1658 ex
628 1615 726 1657 causa
746 1591 979 1678 urgentissima
1002 1601 1037 1656 et
1059 1593 1226 1656 rarissima
1248 1591 1402 1677 legitime

254 1682 416 1768 impedito
446 1704 505 1767 per
534 1679 856 1766 Vicepraesidentem‚
887 1677 971 1742 duos
1005 1678 1154 1742 Decanos
1189 1686 1223 1743 et
1259 1686 1416 1760 quatuor.

252 1769 406 1849 seniores,
419 1778 476 1832 aut
488 1767 604 1832 saltem
619 1788 678 1853 per
692 1771 847 1852 majorem
859 1774 986 1850 partem
998 1766 1188 1838 eorundem,
1201 1773 1233 1829 et
1246 1765 1399 1828 clericum

252 1855 398 1941 computi
420 1863 477 1919 aut
500 1854 600 1918 alium
623 1858 695 1939 ejus
709 1852 789 1929 loeo,
806 1851 1064 1916 extrinsecorum
1079 1851 1223 1936 computi
1238 1851 1271 1914 in
1288 1858 1400 1915 nostro

253 1940 402 2029 Collegio
425 1941 547 2005 Oxonii
563 1939 754 2003 audiantur.
800 1936 930 2013 Quibus
956 1937 1138 2023 completis,
1151 1937 1263 2001 statim
1286 1959 1400 2001 omnes
1489 1955 1493 2030 ρ

183 2086 189 2094 .
252 2026 443 2114 hujusmodi
456 2027 604 2113 computi
616 2024 752 2089 seorsim
764 2031 795 2086 et
809 2023 1048 2108 particulariter
1058 2023 1090 2086 in
1104 2023 1209 2087 forma
1220 2032 1255 2088 et
1263 2024 1406 2088 mundis
1491 2055 1494 2106 χ

252 2114 453 2179 membranis
466 2114 652 2178 scribantur
664 2137 672 2190 ;
688 2110 755 2194 qui,
767 2131 840 2172 cum
850 2108 965 2173 rotulis
974 2113 1137 2174 curiarum
1145 2117 1178 2172 et
1189 2110 1261 2174 aliis
1273 2133 1396 2174 memo-

251 2200 373 2274 randis,
399 2202 435 2263 in
458 2199 666 2263 ratiocinatio
692 2206 750 2259 aut
774 2194 945 2258 tabellario
969 2203 1181 2280 reponantur,
1202 2197 1235 2260 in
1252 2197 1399 2280 quadam

251 2285 333 2348 cista
348 2295 406 2350 aut
422 2285 572 2360 armario,
584 2293 624 2347 ut
637 2306 680 2346 ex
695 2281 745 2345 his
762 2280 980 2345 evidentiseet
995 2282 1241 2360 declarationes,
1253 2293 1322 2348 tam
1336 2305 1399 2370 pro

252 2371 440 2435 detonsione
454 2372 673 2434 maneriorum
688 2368 895 2433 ecclesiarum
919 2376 953 2432 et
970 2369 1097 2454 jurium
1112 2392 1214 2455 quam
1229 2370 1271 2435 de
1286 2372 1401 2436 valore

252 2480 362 2519 annuo
378 2456 564 2527 eorundem,
581 2455 622 2519 de
637 2466 783 2541 tempore
805 2455 840 2517 in
862 2462 992 2542 tempus
1007 2455 1138 2520 valeant
1152 2457 1270 2521 haberi
1293 2457 1329 2520 in
1344 2458 1398 2521 fu-

251 2554 371 2607 turum.
416 2542 601 2629 Adjicimus
624 2562 757 2628 quoque
779 2548 829 2617 ut,
845 2549 920 2626 post
943 2540 1191 2627 completionem
1205 2541 1398 2630 hujusmodi

251 2630 415 2715 completi,
427 2630 509 2693 fiant
523 2628 599 2693 duae
608 2626 792 2692 indenturaa
803 2627 837 2690 in
847 2628 1056 2706 membranis,
1071 2650 1182 2693 omnes
1194 2652 1339 2695 summas
1354 2652 1397 2695 ex

251 2716 398 2799 quolibet
419 2716 563 2779 dominio
587 2725 621 2778 et
643 2714 717 2777 aliis
739 2713 998 2799 possessionibus
1023 2714 1166 2799 Collegii
1190 2727 1341 2802 receptas
1361 2728 1397 2781 et

249 2802 351 2864 etiarn
366 2824 533 2887 expensas,
542 2809 576 2865 et
586 2822 685 2865 onera
694 2798 883 2873 eorundem,
897 2821 984 2865 anno
998 2802 1168 2886 praeterito
1182 2804 1398 2884 continentes,

250 2909 316 2951 una
330 2911 404 2951 eum
419 2888 592 2973 arreragiis
614 2885 839 2972 particulatim
861 2886 1032 2972 expressis.
1076 2887 1222 2961 Quarum
1238 2911 1396 2975 unapars

250 2982 419 3037 remaneat
443 2973 531 3059 apud
556 2971 792 3037 Praesidentem
815 2971 881 3035 alia
897 2972 932 3036 in
954 2974 1105 3037 manibus
1121 2973 1397 3074 Dispensatorum

249 3061 398 3145 proxime
422 3060 658 3145 eligendorum,
680 3079 785 3144 usque
808 3057 849 3122 ad
873 3059 970 3123 linem
986 3060 1066 3124 anni
1089 3059 1203 3125 futuri.
1249 3061 1292 3125 Et
1314 3069 1398 3126 tuno

249 3146 519 3233 easdempponi
537 3146 687 3210 volumus
701 3144 735 3207 in
755 3142 844 3209 dicta
858 3144 940 3209 cista
955 3155 1013 3209 aut
1028 3147 1174 3225 armario,
1190 3169 1263 3211 cum
1277 3148 1397 3213 rotulis

248 3243 476 3319 computorum
491 3229 736 3300 conservandas,
760 3238 799 3293 ut
814 3230 859 3294 sic
879 3231 1022 3317 singulis
1035 3234 1129 3297 annis
1144 3243 1256 3319 patere
1271 3235 1396 3321 poterit

246 3328 353 3383 status
368 3319 511 3403 Collegii
525 3318 637 3381 nostri.
685 3316 749 3379 His
764 3314 824 3380 hoc
834 3314 951 3382 ordine
964 3319 1113 3402 peractis,
1124 3332 1157 3383 et
1171 3320 1398 3386 satisfactione

248 3406 333 3469 facta
347 3406 436 3469 cistis
459 3403 549 3467 unde
575 3404 826 3489 Dispensatores
850 3402 942 3488 prius
966 3406 1118 3489 pecunias
1141 3408 1284 3471 mutuati
1302 3421 1396 3487 sunt,

189 3505 198 3525 ’
248 3492 361 3554 statim
377 3489 482 3554 finalis
501 3498 672 3575 computus
694 3488 842 3552 omnium
863 3480 1119 3555 communierum
1144 3492 1225 3557 dicti
1250 3492 1396 3579 Collegii

210 3598 215 3609 ·
248 3590 279 3639 et
312 3577 451 3638 aliarum
487 3597 527 3639 ex
571 3596 705 3638 nsarum
735 3575 991 3641 extrinsecarum
1029 3599 1297 3667 quarumcunque
1333 3602 1396 3666 per

251 3661 500 3748 Dispensatores
516 3597 657 3724 liberaliter
677 3669 712 3723 et
732 3661 891 3746 complete
912 3663 1080 3737 reddatur,
1102 3672 1136 3729 et
1149 3688 1209 3751 per
1224 3665 1398 3731 auditores

247 3747 431 3832 praedictos,
447 3753 564 3832 praeter
589 3745 742 3810 clericum
767 3748 922 3833 computi,
945 3749 1111 3831 audiatur,
1134 3762 1169 3816 et
1183 3752 1293 3816 debite
1317 3773 1392 3838 per-

246 3834 407 3899 scribatur
431 3841 467 3897 et
494 3841 710 3897 conservetur.
766 3832 1005 3901 Exoresoentiae
1035 3860 1167 3924 quoque
1196 3838 1284 3902 illius
1313 3840 1396 3914 anni

247 3929 325 3984 ante
352 3918 540 3983 electionem
568 3919 795 3984 officiariorum
825 3919 860 3984 in
890 3922 1007 3987 turrim
1037 3930 1268 4009 perducantur.
1315 3924 1394 4003 Quo

140 4016 147 4025 '
246 4015 398 4094 computo
413 4016 452 4072 ut
471 4004 663 4091 praedicitur
679 4004 809 4070 reddito
824 4016 859 4071 et
873 4010 1065 4094 conscripto,
1079 4010 1202 4083 statim,
1216 4011 1286 4075 sine
1300 4032 1395 4075 mora

247 4093 367 4179 aliqua,
385 4093 428 4157 ad
442 4093 594 4157 sacellum
610 4092 754 4157 aliumve
769 4093 875 4158 locum
890 4095 993 4159 nostri
1001 4095 1144 4182 Collegii
1155 4095 1341 4161 Praesidens
1356 4108 1394 4163 et

79 4188 219 4236 rhairsur·
245 4193 372 4265 septem
394 4180 536 4243 maxime
557 4180 701 4243 seniores
727 4200 786 4264 per
811 4201 888 4244 eum
913 4182 1101 4267 praemoniti
1127 4182 1333 4255 conveniant,
1357 4194 1394 4248 et

78 4248 206 4352 meror
245 4263 369 4328 ibidem
386 4264 467 4328 dicti
482 4265 733 4350 Dispensatores
753 4265 859 4329 claves
883 4267 1030 4331 omnium
1053 4267 1210 4332 cistarum
1229 4279 1263 4333 et
1285 4277 1394 4334 cristo·

122 4362 126 4367 ’
244 4347 374 4414 diarum
390 4372 659 4436 quarumcunque
674 4350 720 4414 eis
735 4350 827 4436 prius
842 4352 1085 4416 commissarum
1101 4353 1299 4419 Prasidenti
1315 4355 1393 4421 Col-

243 4432 324 4518 legii
348 4435 495 4521 praedicti
511 4435 662 4515 reddant,
678 4435 862 4520 insignum
885 4436 1111 4521 resignationis
1134 4452 1170 4510 et
1189 4440 1397 4507 dimissionis
