3000 4700
294 199 482 282 000100]
495 197 613 284 Corpus
631 199 750 266 Christi
768 199 894 285 Collepe,
916 201 1043 284 Orsord
1201 201 1253 272 65.

84 361 277 426 executioni
315 363 438 446 absque
477 361 733 428 contradictione
769 369 989 451 cujuscunque
1018 364 1242 431 demandetur.

86 448 161 512 Nec
181 448 280 512 liceat
303 449 403 512 alicui
417 448 458 512 de
482 458 592 513 nostro
616 449 775 536 Collegio,
801 449 1024 535 cujuscunque
1046 460 1153 516 status
1182 463 1243 517 001
1255 463 1362 522 against

84 533 210 618 gradus
235 534 392 612 extiterit,
415 534 576 599 occasione
600 535 687 613 rixae,
705 535 811 622 jurgii
829 547 888 600 aut
910 536 1129 616 dissensionis,
1156 537 1242 604 intra
1254 524 1355 627 w}

85 619 213 683 dictum
225 619 413 706 Collegium
430 630 490 684 aut
504 630 598 684 extra
614 621 700 685 inter
714 621 843 686 eosdem
855 631 934 685 01100
950 623 1116 703 10110010,
1128 646 1241 709 prose·
1252 639 1324 685 other

1 733 2 750 2
84 707 251 771 cntionem
261 705 365 770 facere
374 717 434 771 aut
448 706 541 770 litem
551 705 692 790 aliquam
708 730 848 785 movere,
858 708 906 772 vel
915 707 1060 794 aliquem
1069 711 1240 796 impetere,
1253 702 1344 746 Μ*

85 803 148 854 001
162 791 380 874 adjudicium
404 791 532 856 trahere
547 814 653 856 coram
671 792 784 877 aliquo
803 792 916 876 judice
930 796 1123 868 extrinseco,
1139 797 1240 861 eccle·

84 877 220 941 siastico
242 878 296 941 vel
319 878 484 953 seculari;
508 875 567 942 sed
592 878 741 942 volumus
768 879 899 943 omnino
929 881 1019 963 quod
1047 882 1240 965 hujusmodi

81 963 208 1050 jurgia.
218 964 287 1026 irae.
300 964 391 1035 rixae,
403 963 575 1028 discordias
585 974 619 1029 et
628 962 854 1039 dissensiones,
866 988 941 1050 quae
951 989 1012 1052 per
1024 967 1089 1031 Dei
1097 969 1238 1054 gratiam

84 1071 161 1114 raro
186 1060 247 1113 aut
266 1072 431 1132 nunquam
452 1051 652 1137 contingent,
676 1072 735 1135 per
759 1073 911 1135 personas
936 1051 1104 1136 praedictas
1128 1054 1247 1138 aliqua·

83 1135 293 1200 ordinatione
310 1136 395 1199 bona
406 1159 463 1199 seu
475 1136 644 1200 concordia
659 1136 878 1201 terminentur
888 1137 1097 1203 etfiniantur.
1141 1139 1240 1218 Quod

83 1221 115 1284 si
141 1223 230 1286 inter
251 1221 480 1287 Praesidentem
495 1234 529 1287 et
553 1221 657 1286 alium
672 1232 732 1285 aut
757 1223 837 1286 alios
853 1224 957 1287 nostri
971 1223 1115 1311 collegii
1128 1224 1238 1290 Socios
1251 1237 1353 1285 Dissen-

80 1329 186 1371 causa
208 1307 321 1392 aliqua
350 1307 402 1371 vel
423 1309 561 1373 materia
585 1307 802 1385 dissensionis,
830 1309 890 1372 irae
913 1310 964 1373 vel
994 1310 1175 1390 discordiae,
1205 1312 1239 1377 10
1247 1298 1403 1403 ἲξξῃῧζω

82 1405 198 1458 nostro
211 1393 360 1480 Collegio
369 1394 524 1458 suscitata
533 1394 641 1471 100111,
653 1405 686 1458 01
697 1415 757 1478 per
770 1394 1078 1480 Vicepraesidentem
1091 1396 1238 1464 Decanos
1250 1415 1392 1461 sidoniana

84 1479 139 1542 vel
168 1480 429 1565 Dispensatores.
455 1491 490 1544 et
519 1479 598 1543 duos
625 1480 705 1543 alios
731 1502 772 1542 ex
796 1492 921 1565 septem
946 1483 1139 1560 senioribus,
1165 1485 1238 1548 linis
1250 1473 1403 1579 {gffgffi

84 1566 293 1630 rationabilis
322 1589 380 1630 seu
401 1565 571 1651 placabilis
594 1565 682 1629 intra
707 1575 779 1630 octo
803 1565 873 1630 dics
898 1569 1047 1654 proxime
1070 1583 1238 1655 sequentes
1251 1591 1392 1637 0011οι-

85 1651 192 1716 factus
207 1674 272 1716 000
288 1652 397 1730 100111,
415 1661 491 1716 1000
515 1651 666 1715 volumus
682 1661 719 1714 ut
734 1663 845 1749 partes
861 1652 1099 1734 dissentientes,
1114 1656 1238 1722 virtute
1251 1654 1310 1696 tors.

1 1777 3 1796 ,
80 1739 268 1821 juramenti
282 1739 343 1807 sui,
368 1738 457 1801 intra
472 1737 619 1801 triduum
634 1748 709 1823 post
733 1737 807 1802 rllos
833 1750 904 1803 octo
927 1739 1006 1819 (lies,
1030 1741 1113 1806 dnos
1129 1743 1238 1807 Socios

1 1895 2 1904 ¹
85 1823 232 1910 eligant3
249 1824 307 1908 qui
322 1823 428 1900 electi,
445 1823 546 1886 insui
561 1823 684 1886 virtute
694 1825 885 1906 juramenti,
906 1825 994 1890 intra
1008 1827 1150 1892 biduum
1151 1839 1239 1980 ¹post

84 1932 202 1974 eorum
216 1909 334 1975 adhoc
358 1910 547 1973 electionem
571 1919 605 1972 et
619 1908 875 1994 deputationem,
894 1910 1134 1977 Cancellarium
1186 1916 1237 1978 ni·

83 1997 264 2073 versitatis,
277 1996 306 2058 si
316 2007 392 2061 tunc
406 1995 492 2058 intra
508 1995 537 2056 U
540 1995 766 2059 niversitatem
780 1995 891 2073 100111,
904 1994 1149 2097 Custodemque
1160 2000 1237 2064 Col·
1266 2025 1272 2035 ·

83 2083 168 2168 legii
179 2083 269 2146 Novi
279 2083 389 2146 Beate
400 2081 514 2145 Mariae
524 2080 762 2157 Wintoniensis
772 2081 805 2143 iu
815 2081 992 2150 Oxonia,et
1007 2083 1237 2150 Praesrdentem

84 2167 231 2255 Collegii
242 2168 337 2232 Divae
351 2167 595 2253 Magdalenaein
605 2166 729 2234 eadem.
740 2176 808 2244 aut,
819 2165 915 2230 dictis
927 2167 1140 2244 Cancellario,
1152 2169 1235 2236 Cus-

84 2254 165 2319 tode
176 2266 210 2320 et
218 2254 425 2328 Praesidente,
435 2275 592 2317 eorumve
604 2252 723 2338 aliqu0,
736 2262 831 2315 extra
845 2252 1097 2319 Universitatem
1108 2259 1237 2357 agenti·

84 2341 157 2421 bus,
171 2352 368 2406 tunceorum
387 2340 471 2404 vices
487 2339 672 2405 absentium
688 2339 722 2402 in
737 2338 835 2403 dictis
846 2338 958 2404 officiis
970 2339 1059 2406 intra
1071 2341 1237 2409 11οινο101-

1 2463 2 2472 ¹
83 2438 189 2493 tatem
200 2439 359 2515 gerentes,
372 2449 408 2490 ac
422 2426 522 2489 etiam
532 2425 674 2510 reliquos
689 2426 952 2511 prenominatos,
963 2427 1051 2514 siqui
1064 2428 1188 2495 fuerint
1203 2432 1237 2495 in

1 2582 2 2593 ,
85 2514 315 2579 Universitate
339 2522 523 2598 presentes,
547 2510 677 2582 adeant,
702 2522 735 2575 et
758 2511 882 2576 eisdem
902 2512 1091 2595 hujusmodi
1113 2515 1237 2582 dissen-

82 2598 186 2664 sionis
202 2621 333 2665 causam
347 2600 418 2663 sive
439 2598 611 2663 materiam
628 2597 806 2683 inscriptis
832 2598 1012 2685 significent
1027 2612 1061 2664 ct
1074 2602 1237 2681 referant3

82 2696 121 2751 et
137 2686 296 2770 quicquid
310 2685 376 2748 duo
389 2706 430 2749 ex
444 2684 510 2748 illis
526 2705 586 2770 pro
609 2694 757 2770 tempore
780 2684 920 2749 consulti
938 2686 1094 2752 arbitrati
1116 2688 1239 2755 fuerint

83 2786 118 2837 et
133 2772 344 2850 decreverint,
368 2770 420 2834 illi
436 2792 544 2834 omnes
565 2779 702 2869 pareant
726 2778 760 2832 et
784 2770 818 2834 in
840 2770 893 2833 sui
915 2771 1040 2837 virtute
1057 2773 1238 2855 juramenti

84 2858 251 2923 obediant.
296 2858 467 2935 Praeterea,
492 2878 533 2919 00
562 2878 598 2920 rn
623 2866 732 2920 nostro
765 2854 915 2941 Collegio
939 2857 1025 2923 inter
1056 2860 1237 2947 Magistros
1249 2895 1289 2941 Ν,
1304 2909 1380 2943 mem·

83 2955 237 3031 regentes
265 2944 454 3008 ambitiosos
483 2951 542 3005 aut
571 2942 652 3006 alios
677 2942 828 3005 oriantur
858 2944 1079 3008 contentiones
1102 2957 1137 3011 et
1161 2948 1238 3012 lites
1249 2955 1294 2999 ber
1303 2955 1333 2999 or
1340 2955 1382 3001 the

83 3040 223 3117 propter
250 3030 420 3094 electiones
446 3028 489 3091 ad
512 3028 651 3092 officium
682 3027 946 3102 Procuratorum,
970 3051 1027 3092 nos
1051 3029 1238 3115 hujusmodi
1248 3012 1391 3117 3¹1¹>ssss

84 3117 258 3181 ambitioni
272 3139 309 3181 ac
324 3114 522 3180 contentioni
536 3115 690 3178 obsistere
705 3124 739 3178 et
762 3135 876 3177 earum
890 3115 1068 3179 occasiones
1082 3116 1237 3181 radicitus
1248 3128 1279 3173 of
1288 3128 1329 3174 the
1339 3130 1400 3177 uni·

83 3203 201 3267 tollere
215 3203 393 3288 cupienteS,
408 3200 587 3265 statuimus
602 3210 635 3263 et
649 3198 838 3262 ordinamus
852 3207 891 3262 ut
908 3199 1019 3263 nullus
1038 3203 1142 3265 nostri
1158 3203 1237 3267 Col·
1248 3187 1358 3247 “wls

6 3282 13 3297 ⁸
83 3288 164 3375 legii
182 3283 1237 3371 800100,001101011011100100100001010100001110100101010000

85 3374 308 3439 Procuratoris
322 3373 558 3438 Universitatis
570 3380 630 3436 aut
639 3373 710 3457 ejus
724 3369 809 3434 vices
819 3379 923 3469 petat,
933 3371 1067 3452 ambiat,
1078 3384 1171 3459 gerat
1183 3375 1238 3440 vel

83 3471 237 3548 acceptet,
253 3462 314 3524 sub
325 3482 427 3546 poena
441 3458 580 3545 perjurii
595 3458 666 3545 ipso
678 3457 773 3535 facto,
784 3466 819 3520 et
829 3479 963 3542 insuper
976 3456 1146 3524 amotionis
1204 3484 1237 3526 r·

108 3560 195 3613 etuae
219 3569 239 3610 a
263 3556 371 3611 nostro
396 3545 566 3631 Collegi03
589 3566 688 3631 quam
711 3543 882 3607 amotionis
905 3565 1040 3629 poenam
1055 3546 1156 3611 Praesi
1180 3571 1237 3613 ens

83 3571 341 3718 lioepraesidens
364 3642 398 3696 et
421 3632 566 3696 officiarii
586 3630 839 3695 contravenienti
860 3629 1051 3714 cuicunque,
1067 3632 1154 3698 intra
1177 3636 1236 3700 tri-

84 3719 189 3784 duum
204 3729 378 3805 postquam
393 3717 580 3801 hujusmodi
597 3718 801 3803 petitionem,
818 3716 980 3780 ambitum
1004 3729 1065 3783 aut
1089 3731 1236 3807 accepta·

83 3808 217 3883 tionem,
229 3806 326 3888 juxta
341 3804 480 3869 formam
503 3804 538 3866 in
562 3803 706 3889 capitulo
721 3801 763 3866 de
786 3802 957 3901 punitione
980 3826 1040 3890 pro
1056 3808 1235 3887 majoribus

82 3892 274 3955 criminibus
283 3889 716 3977 descriptamcognoverint,
727 3889 891 3953 invrrtute
894 3890 1078 3973 juramenti
1086 3892 1236 3979 infligere

11 4040 16 4064 ,
83 3987 267 4043 100000101.
312 3977 404 4041 Eum
418 3986 530 4041 tamen
545 3976 613 4059 qui,
633 3976 676 4039 ob
697 3984 837 4039 mortem
856 3976 1079 4040 Procuratoris
1104 3988 1164 4040 aut
1188 4000 1235 4042 rc-

82 4065 309 4150 signationem,
335 4066 404 4148 ejus
433 4062 518 4125 vices
544 4085 584 4126 ex
613 4071 739 4126 statuto
762 4060 1034 4125 consuetudineve
1064 4063 1235 4146 usquead

82 4150 222 4214 alterius
236 4150 426 4215 electionem
441 4149 595 4235 supplere
607 4157 734 4212 coactus
750 4146 860 4224 fuerit,
875 4145 1036 4232 tantisper
1050 4170 1089 4211 eo
1099 4171 1235 4213 munere
1254 4140 1265 4160 ⁵

82 4237 189 4322 fungi,
206 4236 286 4301 dum
300 4234 464 4313 videlicet,
488 4234 627 4298 officium
644 4234 808 4298 vacaverit
829 4232 923 4296 modo
947 4232 1055 4297 absint
1068 4256 1161 4300 arma
1174 4235 1234 4301 hac

12 4329 17 4350 '
82 4333 194 4388 nostra
209 4322 314 4401 venia,
331 4322 468 4408 impune
483 4320 714 4407 permittimus.
758 4320 808 4383 Et
827 4319 908 4403 quia
923 4330 1119 4418 exoptamus
1141 4344 1232 4387 max·
1246 4332 1372 4381 1100000

10 4470 21 4509 δ

83 4412 149 4473 ime
168 4408 381 4487 concordiam,
408 4408 562 4472 volumus
585 4416 633 4478 ut,
658 4415 726 4470 tam
750 4406 785 4470 10
808 4403 998 4491 hujusmodl
1020 4392 1389 4511 electionibusgffgffifff
1428 4419 1440 4436 ⁸

604 4491 689 4575 (10.)
1084 4513 1104 4556 F
1246 4522 1307 4555 corr·
1408 4542 1415 4563 t
