3000 4700
286 205 421 293 11111
434 225 606 312 <pompa
621 226 884 313 1111111,
904 229 1035 314 casae.
1190 229 1229 294 91
1342 228 1345 236 ’

81 390 316 476 perpetrarint,
342 390 546 476 respondere.
593 391 776 478 Adjicimus
813 415 951 477 quoque,
975 395 1013 459 ut
1047 394 1233 476 quicunque

81 474 190 540 nostri
220 476 376 561 Collegii,
395 477 630 542 Bibliothecam
659 479 893 564 ingredientes,
910 481 1010 544 libros
1034 501 1115 564 quos
1142 481 1231 544 inve-

82 563 195 626 nerint
219 572 348 649 apertos
363 562 537 641 claudant3
551 563 728 629 advertant
742 565 897 630 etiamad
912 566 1071 631 fenestras
1085 587 1138 641 ne,
1153 587 1231 629 exo-

81 647 191 712 riente
206 657 306 714 vento
321 658 377 714 aut
392 649 516 734 pluvia,
532 650 690 714 inferatur
705 652 861 715 damnum
879 664 937 719 aut
952 654 1035 716 vitro
1052 662 1111 716 aut
1125 652 1228 716 libris.

81 735 129 798 Et
145 735 275 816 quoties
289 736 362 818 quis
371 737 497 814 exierit,
508 736 669 800 neminem
680 738 730 801 ibi
745 739 940 821 relinquens,
955 740 1076 803 ostium
1091 739 1231 804 obseret.

80 821 119 884 Si
139 821 212 902 quis
225 843 303 885 vero
327 822 362 885 in
386 821 438 885 his
453 821 637 905 deliquerit,
651 845 790 908 poenam,
810 846 907 906 quarn
929 847 1028 910 supra
1044 825 1086 889 de
1110 825 1229 889 Latino

80 927 233 971 sermone
248 907 454 972 observando
529 910 648 987 uimus,
665 931 739 973 eum
757 911 918 973 incurrere
933 911 1091 974 volumus.
1140 911 1227 974 Prae-
1240 949 1373 1010 Oanrogue

79 1001 184 1071 terea,
209 995 386 1059 statuimus
407 1007 443 1057 ut
492 1016 510 1058 e
527 995 679 1059 omnibus
693 996 785 1058 libris
807 996 843 1058 in
860 995 1062 1061 Bibliotheca
1075 997 1227 1081 repositis
1239 1009 1268 1053 of
1277 1009 1361 1068 books,

77 1078 142 1144 fiat
170 1080 348 1169 registrum
376 1079 499 1166 duplex
528 1081 563 1144 in
591 1082 798 1153 membranis,
824 1105 924 1145 unum
948 1082 982 1145 in
1006 1105 1056 1159 ea,
1085 1082 1226 1147 alterum
1239 1072 1286 1114 etc.

79 1163 173 1251 apud
187 1166 433 1244 Praesidentem,
448 1188 705 1252 permansurum.
750 1167 828 1231 Fiat
852 1169 953 1232 etiam
968 1177 1001 1232 et
1016 1168 1106 1232 aliud
1122 1169 1227 1254 regis-

77 1259 169 1315 trum
193 1253 228 1316 in
247 1253 449 1317 membranis
471 1252 514 1317 de
538 1253 590 1316 his
616 1254 675 1335 qui
697 1263 813 1317 mutuo
839 1255 941 1318 Sociis
965 1263 999 1318 et
1025 1253 1227 1318 scholaribus

76 1336 258 1418 dabuntur,
274 1337 364 1425 apud
389 1341 537 1404 Decanos
560 1361 734 1405 remanens.
782 1341 832 1403 Ac
850 1341 1105 1424 quotiescunque
1125 1339 1226 1404 dona·

77 1423 205 1489 buntur
223 1425 291 1502 alii,
307 1425 421 1489 statim
445 1425 481 1488 in
502 1447 615 1490 eorum
630 1426 735 1490 altero
748 1427 980 1490 inscribantur.
1026 1425 1228 1491 Inscribatur

76 1531 209 1594 quoque
226 1511 262 1574 in
285 1533 323 1574 eo
338 1511 423 1575 libro
441 1511 487 1575 sic
504 1511 634 1589 donato,
656 1512 689 1576 in
704 1513 783 1575 folio
792 1535 862 1596 ⁴quo
878 1512 1079 1577 commodius
1092 1513 1226 1598 poterit,
1340 1533 1343 1537 ’

75 1595 270 1682 hujusmodi
290 1597 436 1661 clausula
450 1597 583 1662 “Liber
597 1598 740 1684 Collegii
754 1599 908 1684 Corporis
928 1598 1064 1676 Christi,
1086 1620 1125 1662 ex
1140 1597 1227 1663 dono

78 1682 113 1744 N
117 1682 148 1745 .’'
173 1683 309 1769 adjectis
323 1684 454 1748 nomine
469 1693 503 1748 et
517 1684 710 1770 cognomine
725 1684 899 1748 donatoris.
945 1683 999 1749 De
1013 1685 1109 1756 vasis,
1124 1707 1220 1748 orna-
1237 1720 1307 1766 pm,
1331 1725 1378 1769 ,m

75 1770 209 1841 mentis,
223 1782 255 1832 et
269 1770 341 1833 aliis
356 1770 452 1833 bonis
468 1769 611 1855 Collegii
623 1771 869 1854 quibuscunque
884 1769 974 1855 apud
990 1771 1222 1836 praesidentem
1234 1755 1388 1827 inthehsnds

75 1857 355 1940 permanentibus,
364 1857 494 1934 liant,in
502 1856 609 1955 primo
619 1860 687 1942 ejus
696 1856 845 1941 ingressu
855 1866 1031 1938 antequam
1042 1858 1088 1919 eis
1098 1867 1222 1931 utatur,
1235 1839 1323 1945 ζῖᾶζξξ
1331 1840 1387 1886 era

76 1963 114 2005 ac
137 1951 251 2028 postea
272 1942 414 2026 singulis
434 1964 529 2006 anms
543 1942 631 2006 intra
644 1941 791 2005 triduum
807 1952 881 2028 post
895 1942 1089 2005 electionem
1104 1943 1223 2006 officia-

74 2028 200 2092 riorum
223 2030 287 2094 sub
307 2029 433 2093 vianet
455 2028 640 2093 testimonio
657 2029 862 2092 Decanorum
878 2037 936 2092 aut
954 2027 1055 2091 trium
1081 2028 1222 2092 aliorum

74 2115 250 2192 seniorum,
276 2115 474 2178 indenturae
507 2115 596 2178 inter
632 2113 866 2178 Praesidentem
898 2121 931 2176 et
969 2112 1223 2198 Dispensatores

75 2200 118 2264 de
144 2201 196 2264 his
225 2225 297 2285 quac
327 2210 424 2264 erunt
456 2202 489 2264 irr
517 2198 667 2264 custodia
697 2201 977 2286 Dispensatorum.
1023 2200 1154 2276 Vermn,
1185 2212 1223 2269 ut

72 2287 247 2353 redeamus
262 2287 304 2352 ad
324 2287 489 2366 sacellum,
506 2286 656 2352 volumus
672 2297 711 2352 ut
730 2286 831 2352 etiam
844 2286 953 2352 omnia
972 2296 1006 2349 et
1025 2285 1158 2371 singula
1177 2287 1222 2350 ad

73 2374 160 2437 illud
186 2374 366 2438 attinentia
387 2374 422 2437 in
446 2373 586 2456 quodam
613 2374 752 2459 registro
776 2373 1028 2443 conscribantur,
1053 2395 1089 2436 ac
1111 2374 1147 2437 in
1163 2372 1220 2437 do·
1234 2386 1390 2451 Ragisnyof

72 2461 188 2539 uariis,
200 2484 274 2524 cum
290 2461 454 2524 mentione
477 2460 617 2523 nominis
632 2472 669 2523 et
683 2459 884 2545 cognominis
900 2458 1077 2523 donatoris.
1123 2460 1218 2534 Quod
1234 2446 1355 2555 Cffl'ffiw

72 2547 175 2611 etiam
190 2547 359 2611 observari
373 2546 523 2611 volumus
539 2546 573 2609 in
588 2546 676 2609 rasis
692 2555 750 2610 aut
765 2545 837 2609 aliis
850 2546 1047 2609 ornamentis
1063 2546 1146 2609 aulae
1161 2519 1249 2611 autp
1299 2540 1306 2565 '
1357 2542 1363 2555 '

71 2633 232 2697 cubiculis
245 2632 341 2696 datis.
386 2632 556 2709 Volumus,
569 2632 710 2717 insuper,
720 2642 760 2695 ut
776 2630 817 2693 de
832 2633 929 2695 rebus
944 2631 1057 2696 sacelli
1071 2633 1220 2697 omnibus

72 2720 155 2783 fiant
169 2719 351 2783 indenturae
371 2720 457 2782 inter
480 2718 713 2782 Praesidentem
733 2729 768 2782 et
792 2718 978 2783 Sacristam.
1024 2718 1221 2783 Mandantes

70 2814 121 2883 ut,
147 2805 288 2892 singulis
304 2805 407 2883 annis,
423 2805 511 2868 intra
529 2813 601 2867 octo
619 2804 689 2867 dies
705 2813 781 2868 ante
797 2803 850 2868 vel
864 2812 939 2890 post
955 2804 1032 2869 redis
1048 2804 1222 2869 dedicatio·

70 2913 159 2970 nem,
176 2915 283 2956 coram
301 2890 503 2955 Praesidente
512 2889 567 2954 111
575 2889 861 2975 Vicepraesideute,
873 2890 1064 2953 unosaltem
1081 2891 1219 2970 Decano,
1335 2926 1337 2931 ·

72 2987 133 3040 aut
147 2984 218 3064 ejus
235 2978 378 3041 absentis
395 2978 563 3076 deputato,
572 2986 605 3040 11
618 2976 863 3062 Dispensatore,
876 2974 1091 3040 ostendantur
1106 2978 1222 3039 visibi-

71 3064 160 3142 liter,
176 3063 308 3129 realiter
323 3073 357 3128 et
372 3062 537 3141 distincte,
554 3061 665 3127 omnia
678 3063 886 3140 vestimenta,
897 3062 1019 3140 calices,
1035 3083 1122 3141 vasa,
1131 3061 1220 3141 libri,

71 3157 106 3213 et
129 3150 195 3213 alia
217 3158 408 3213 ornamenta
429 3149 550 3227 sacelli,
572 3149 606 3211 in
614 3148 711 3212 dictis
733 3147 915 3211 indenturis
938 3156 1098 3223 contenta,
1122 3156 1161 3211 ut
1175 3149 1222 3212 sic

72 3258 233 3335 apparere
248 3237 358 3300 valeat
368 3237 398 3299 si
407 3236 516 3318 aliqua
525 3234 566 3297 de
580 3233 744 3319 praedictis
760 3234 879 3297 luerint
888 3233 1028 3317 perdita,
1043 3234 1219 3315 subtracta,

71 3323 260 3402 drlacerata,
277 3330 377 3409 rupta
391 3330 449 3386 aut
463 3321 638 3406 deturpata
652 3345 662 3398 ;
687 3329 722 3383 et
737 3342 809 3403 quae
824 3320 1003 3382 necessario
1018 3319 1221 3384 emendanda

70 3409 203 3487 luerint,
220 3418 366 3496 tempore
380 3407 492 3471 debito
507 3416 542 3471 et
556 3414 739 3492 opportuno
749 3404 916 3468 emendari
926 3412 960 3467 et
974 3405 1063 3467 retici
1079 3406 1219 3473 valeant.

1 3557 2 3564 ,
72 3494 148 3558 Fiat
165 3495 298 3580 insuper
320 3496 509 3581 registrum,
526 3492 569 3556 ad
589 3493 723 3556 modum
741 3490 993 3555 indenturarum
1012 3491 1217 3577 bipartitum,
1233 3520 1353 3569 Otherre

72 3580 114 3643 de
136 3583 287 3644 omnibus
307 3581 468 3668 jocalibus
494 3581 529 3641 in
554 3578 636 3642 turri
660 3578 811 3664 repositis
828 3585 862 3642 et
885 3579 1101 3653 conservatis;
1128 3580 1218 3667 cujus
1233 3580 1371 3639 gismesof

72 3667 171 3731 unam
192 3675 320 3753 partem
344 3666 467 3731 ibidem
490 3666 524 3728 in
541 3687 608 3729 una
622 3665 705 3729 cista
720 3664 763 3727 ad
777 3686 815 3728 ea
830 3664 982 3728 ordinata
996 3665 1150 3729 continuo
1165 3690 1217 3731 re·
1231 3640 1303 3699 ΡΜ
1314 3642 1360 3687 etc.

70 3775 202 3817 manere
226 3756 387 3830 volumus,
412 3753 548 3817 alteram
572 3773 648 3816 vero
671 3762 800 3837 partem
816 3750 851 3813 in
868 3751 1016 3815 custodia
1030 3750 1218 3838 Vicepraesi·

71 3838 188 3903 dentis.
213 3840 266 3904 Sit
281 3842 381 3904 etiam
397 3862 501 3903 unum
515 3838 660 3923 amplum
670 3838 857 3923 registrum,
869 3837 986 3901 saltem
1000 3836 1217 3915 chartaceum,

69 3926 104 3988 in
123 3948 189 4010 quo
210 3928 318 3991 omnia
337 3925 494 4012 praedicta
507 3924 764 4001 conscribantur,
779 3924 867 4007 quod
880 3925 1008 4007 quoties
1022 3946 1105 4009 opus
1119 3924 1219 3988 fuerit

1 4009 9 4021 '
69 4020 253 4077 renovetur.

397 4145 476 4233 Cap.
490 4146 545 4213 43.
569 4149 621 4211 De
634 4148 719 4209 cistis
733 4156 761 4210 et
778 4146 891 4230 sigillo.

111 4274 164 4335 De
188 4270 377 4356 negligenti
396 4269 545 4334 custodia
564 4268 821 4354 quamplurimos
846 4264 998 4329 audimus
1017 4272 1217 4346 conquestos,

68 4359 108 4423 de
123 4358 279 4444 vigilanti
302 4357 473 4421 neminem.
520 4356 638 4441 Neque
652 4360 758 4441 major
774 4350 961 4415 adhibenda
976 4359 1026 4415 est
1041 4351 1219 4437 vigilantia

67 4466 165 4529 quam
181 4444 213 4508 in
228 4444 393 4507 communi
407 4441 526 4525 sigillo,
544 4449 596 4505 tot
611 4440 717 4504 solent
731 4438 864 4503 evenire
885 4438 1096 4502 incommoda.
1143 4439 1218 4504 Sta·
