3000 4700
239 193 282 258 aa
443 170 760 276 &marpesiam
776 187 896 254 uanas
911 187 1037 275 mirac
1059 190 1189 275 oxforu.

74 365 177 414 mese
238 297 386 443 parcant,
401 362 435 421 et
449 377 523 420 cum
540 376 579 420 eo
593 362 771 420 consonent
781 353 912 442 reliqui.
958 349 1397 450 Sacristaeofficiumerit,in
1489 332 1494 390 ¹

74 429 174 475 “mm''
240 443 381 528 singulis
400 441 508 506 missis
532 461 609 526 quae
631 449 728 506 erunt
744 463 816 505 cum
835 446 945 520 cantu,
960 461 1021 524 per
1043 462 1089 517 se,
1102 441 1153 504 rel
1169 441 1196 503 si
1211 437 1394 524 impeditus
1494 456 1495 489 l

240 527 339 593 luerit
374 549 409 592 er
419 527 520 592 alium
532 526 592 591 sed
603 527 754 614 expensis
761 528 840 606 suis,
854 526 1065 613 Evangelium
1075 521 1394 590 moreecclesiastico

132 617 136 624 '
241 637 338 678 secun
365 636 419 678 um
442 635 537 678 usum
554 613 672 677 Sarum
687 612 806 698 legere,
820 613 884 676 nisi
899 610 1031 698 quando
1046 613 1128 675 alius
1142 633 1203 698 per
1218 611 1392 674 Decanum

242 709 303 765 aut
325 703 396 788 ejus
417 699 614 786 deputatum
638 700 836 764 intitulatur.
879 698 1008 768 Libros,
1024 697 1150 767 calices,
1171 717 1259 774 vasa,
1270 693 1394 782 jocalia

242 789 305 868 (ita
326 786 508 874 appellant)
526 793 561 849 et
575 792 696 850 caetera
711 783 821 848 sacelli
843 790 1046 862 ornamenta,
1060 784 1172 846 omnia
1185 794 1233 846 et.
1245 780 1394 866 singula,

242 872 417 958 diligenter
430 878 466 936 et
479 879 629 935 accurate
642 881 817 934 conservet.
860 869 905 934 Et
919 877 958 933 ut
972 869 1125 933 sacellum
1141 877 1175 932 et
1190 867 1308 932 altaria
1322 887 1392 928 om·

242 959 297 1021 nia
311 957 451 1044 singulis
463 957 555 1022 festis
565 965 597 1020 et
613 954 829 1021 hebdomadis
842 955 1084 1031 convenienter,
1095 964 1134 1018 ut
1142 949 1228 1018 festa
1242 961 1302 1016 aut
1311 963 1393 1015 tem·

243 1065 325 1130 pora
337 1044 516 1128 requirunt,
533 1049 700 1112 ornentur,
715 1040 891 1128 diligenter
904 1050 1009 1106 curet.
1052 1039 1101 1105 Et
1116 1040 1158 1104 do
1167 1040 1218 1104 his
1232 1039 1393 1103 rationem
1496 1080 1497 1117 3

244 1128 363 1195 reddet
387 1138 427 1192 ut
448 1128 584 1192 inferius
605 1127 808 1212 exprimitur.
845 1127 952 1205 Ostia,
974 1129 1084 1198 cistas,
1107 1134 1164 1190 aut
1178 1123 1312 1190 claudat
1334 1128 1395 1186 aut

245 1214 428 1279 claudenda
442 1222 543 1278 curet.
583 1213 715 1292 Geram,
728 1213 836 1277 vinmn
850 1220 885 1277 et
898 1222 1016 1277 caetera
1029 1211 1231 1298 hujusmodi,
1248 1208 1396 1295 Collegii

246 1301 403 1386 impensis
418 1301 454 1363 in
467 1300 582 1364 sacello
603 1297 833 1376 consumenda,
853 1299 1042 1386 prospiciat,
1058 1298 1100 1361 ad
1116 1299 1178 1362 Dei
1188 1296 1343 1362 honorem
1357 1304 1396 1358 et

247 1386 386 1472 Collegii
410 1385 598 1449 utilitatem.
644 1384 856 1449 Sacramenta
875 1393 910 1449 et
934 1381 1182 1448 sacramentalia
1195 1382 1305 1446 omnia
1318 1399 1396 1444 cum

248 1491 331 1556 opus
347 1470 448 1534 suerit
471 1469 734 1535 inhabitantibus
760 1470 794 1534 in
811 1470 964 1556 collegio
1030 1491 1096 1532 rse
1119 1477 1178 1533 aut
1197 1467 1395 1554 deputatum
1496 1471 1499 1475 ’

248 1556 424 1620 ministret.
472 1556 508 1618 Si
530 1576 617 1632 vero,
633 1555 809 1642 impetrata
831 1558 929 1620 venia
945 1575 966 1618 a
1024 1553 1173 1619 esidente
1199 1562 1258 1618 ant
1280 1574 1321 1616 eo
1336 1552 1397 1616 ab·

249 1651 343 1704 sente
365 1638 648 1727 Vioepraesidente,
675 1649 769 1705 extra
792 1642 950 1728 oppidum
974 1639 1018 1704 ad
1042 1649 1174 1725 tempus
1199 1640 1275 1720 licet
1296 1641 1400 1702 breve

250 1725 398 1790 discedat
414 1737 448 1790 et
471 1733 557 1828 agat,
571 1735 806 1813 praecentorem⁴
817 1736 877 1792 aut
895 1727 993 1790 alium
1007 1727 1134 1790 Socium
1144 1723 1205 1812 pro
1214 1723 1399 1789 subeundis

250 1820 284 1874 et
299 1812 527 1876 conservandis
541 1813 691 1876 omnibus
705 1822 739 1876 et
754 1813 894 1898 singulis
909 1811 1085 1898 praedictis,
1097 1833 1137 1876 ex
1151 1832 1310 1875 consensu
1325 1813 1400 1896 ejus

252 1920 271 1960 a
285 1919 350 1983 quo
364 1899 450 1984 petit
463 1898 639 1975 licentiam,
655 1906 689 1962 et
703 1918 764 1983 pro
778 1918 844 1984 quo
856 1900 928 1984 ipse
943 1896 1139 1983 respondere
1154 1898 1303 1970 voluerit,
1319 1896 1398 1959 sub

215 2031 225 2042 .
252 1984 378 2050 stituat.
410 1984 544 2071 Reliqui
558 1991 671 2049 autem
687 1983 752 2048 duo
766 1983 875 2048 sacelli
887 1983 1027 2047 ministri
1042 1983 1169 2047 accoliti
1180 1983 1248 2047 sint
1261 1991 1320 2045 aut
1332 1981 1398 2044 sal·

153 2099 160 2113 ·
252 2077 320 2134 tem
348 2071 455 2156 prima
480 2078 616 2135 tonsura
640 2070 769 2143 initiati,
796 2077 831 2134 et
856 2069 891 2132 in
906 2077 1005 2133 cantu
1034 2070 1113 2133 satis
1143 2067 1400 2150 utdeserviant

251 2155 349 2219 choro
365 2156 573 2222 laudabiliter
586 2157 714 2231 edocti;
738 2176 877 2241 quorum
891 2155 975 2220 alter
989 2155 1052 2219 erit
1066 2176 1266 2240 organorum
1283 2153 1399 2238 pulsa·

168 2274 184 2304 u
253 2253 303 2304 tor
319 2242 403 2306 alter
418 2264 495 2306 vero
508 2243 571 2305 erit
584 2242 790 2314 subsacrista,
804 2250 843 2304 ut
863 2241 1018 2304 adituum
1040 2242 1074 2302 in
1089 2239 1142 2304 his
1157 2262 1233 2326 quae
1252 2241 1401 2305 attinent

145 2319 151 2332 ’
209 2353 215 2365 ·
253 2325 296 2391 ad
315 2327 469 2391 sacellum
488 2327 580 2392 etad
597 2327 812 2392 ministerium
833 2328 898 2391 Dei
921 2324 1072 2413 adjuvet3
1098 2325 1141 2390 ad
1162 2322 1275 2389 diiina
1292 2324 1402 2389 officia

253 2434 428 2499 campanas
439 2412 557 2499 pulset,
568 2412 794 2478 sacerdotibus
808 2414 842 2477 in
855 2414 973 2477 sacello
982 2421 1094 2477 nostro
1105 2414 1221 2476 missas
1230 2412 1399 2476 celebran-

253 2498 353 2576 tibus,
362 2506 523 2597 qustenus
534 2518 594 2583 per
608 2499 765 2583 praedicta
772 2508 919 2585 possum,
928 2508 1066 2584 uterque
1075 2519 1185 2561 eorum
1196 2496 1402 2585 respondeat

254 2592 288 2647 et
300 2585 462 2647 ministret
475 2583 502 2645 si
518 2585 627 2647 desint
641 2584 798 2663 choristae,
814 2587 883 2649 etsi
893 2608 950 2671 per
966 2583 1202 2648 Praesidentem
1214 2594 1273 2648 aut
1284 2605 1325 2648 eo
1340 2584 1401 2647 ab·

256 2678 350 2733 sente
366 2667 673 2754 Vicepraesidentem
696 2671 906 2756 assignentur
920 2682 952 2733 et
966 2668 1177 2757 deputentnr.
1214 2670 1258 2735 Et
1272 2668 1313 2733 ad
1331 2670 1401 2733 haec

92 2771 244 2820 Osthortne
255 2756 365 2818 omnia
380 2762 415 2818 et
437 2763 556 2819 catera
569 2756 603 2818 in
617 2754 669 2818 his
684 2757 818 2819 statutis
831 2776 887 2819 eos
901 2766 961 2821 aut
975 2778 1084 2819 eorum
1100 2755 1244 2841 aliquem
1268 2777 1400 2819 concer-

92 2834 150 2905 rqur
160 2831 208 2877 Mi·
257 2839 371 2904 nentia
387 2840 471 2904 bene
487 2849 521 2904 et
536 2840 672 2905 fideliter
688 2838 905 2919 observanda,
919 2862 1031 2905 omnes
1046 2849 1080 2905 et
1095 2842 1245 2927 singulos
1259 2847 1403 2927 quatuor

92 2895 189 2938 marera
257 2926 423 2991 ministros
446 2925 625 3012 praedictos,
646 2927 681 2989 in
696 2948 757 2990 suo
780 2927 887 3011 primo
901 2928 1061 3011 ingressu,
1077 2948 1183 2991 coram
1201 2926 1403 2991 Praesidente

256 3011 310 3076 vel
333 3033 373 3077 eo
398 3012 533 3078 absente
547 3011 837 3097 Vicepraesidente,
865 3020 900 3077 et
922 3034 988 3076 nno
1009 3012 1254 3099 Dispensatore‚
1270 3012 1405 3077 vinculo

251 3100 433 3183 juramenti
455 3098 617 3185 adstringi
631 3099 791 3169 volumus,
807 3120 843 3161 ac
861 3097 948 3180 idem
964 3101 1187 3183 juramentum
1210 3100 1244 3162 in
1259 3100 1404 3184 registro

257 3184 300 3247 ad
316 3184 376 3249 hoe
391 3186 559 3271 assignato
570 3204 669 3249 manu
680 3183 824 3271 Jurantis
835 3183 1001 3262 conscribi,
1013 3205 1084 3247 cum
1097 3186 1228 3248 nomine
1238 3192 1273 3249 et
1282 3206 1405 3271 cogno·

257 3272 355 3351 mine,
371 3270 424 3335 die
438 3279 472 3335 et
486 3292 582 3350 anno,
607 3281 643 3335 et
664 3270 805 3334 testibus
826 3268 997 3357 praedictis.
1058 3270 1134 3334 Duo
1149 3269 1403 3350 vcro.choristoe,

95 3383 227 3431 Taocho-
260 3378 342 3441 quos
358 3358 506 3421 volumus
528 3378 589 3442 per
618 3356 856 3420 Praesidentem
874 3355 1029 3419 nominari
1043 3364 1084 3420 et·
1092 3358 1225 3429 assumi,
1245 3364 1343 3420 erunt
1367 3356 1404 3420 in

94 3445 188 3491 usam.
260 3441 348 3505 omni
371 3464 490 3528 genere
504 3451 631 3519 cantus,
648 3441 691 3506 ad
706 3443 816 3506 miuus
828 3441 928 3527 plano
941 3449 977 3505 et
989 3441 1113 3506 intorto
1135 3444 1277 3529 (Μελεά
1288 3462 1331 3527 ap
1357 3441 1405 3505 el·

258 3527 347 3611 lant)
364 3528 470 3591 edocti
484 3536 660 3613 antequam
684 3536 901 3599 assumantur,
924 3533 962 3589 ut
985 3527 1035 3591 ita
1047 3528 1156 3593 statim
1177 3536 1236 3592 aut
1260 3527 1296 3591 in
1322 3464 1403 3591 dol·

257 3612 354 3698 legio,
362 3612 516 3698 impensis
527 3613 713 3691 amicorum,
726 3610 871 3676 autludo
880 3610 1141 3698 Magdalenensi,
1153 3612 1405 3699 grammaticam

258 3696 386 3761 discant
400 3705 435 3761 et
449 3698 554 3762 bonos
569 3706 724 3762 auctores.
768 3698 864 3772 Quos
873 3697 1095 3784 permittimus
1108 3700 1142 3762 in
1160 3700 1313 3787 Colleglo
1326 3720 1406 3787 per·

256 3803 390 3847 manere
403 3806 506 3868 usque
521 3783 563 3847 ad
578 3784 714 3871 primam
729 3786 814 3848 vocis
836 3784 1121 3885 permutationem,
1136 3787 1164 3849 si
1178 3786 1228 3859 ita
1249 3785 1407 3850 videatur

257 3867 462 3933 Praesidenti.
508 3869 555 3934 Hi
577 3869 815 3935 ministrabunt
836 3892 870 3933 m
893 3870 968 3934 aula
981 3876 1016 3935 et
1038 3870 1165 3950 sacello,
1179 3872 1214 3934 in
1229 3872 1340 3936 missis
1368 3880 1406 3937 et

257 3954 377 4019 divinis
392 3954 511 4022 officiis.
559 3954 771 4021 Prandebunt
785 3964 820 4021 et
831 3955 1006 4020 coenabunt
1016 3977 1088 4019 cnm
1101 3955 1233 4020 famulis
1248 3958 1405 4045 Collegii,
1469 4025 1473 4033 ,

257 4040 494 4129 habebuntque
523 4042 660 4106 eandem
690 4041 915 4107 allocationem
944 4062 1042 4127 quam
1072 4041 1248 4128 discipuli3
1279 4051 1313 4107 et
1340 4066 1406 4130 pro

256 4133 350 4191 vesto
371 4135 506 4215 uterque
534 4126 645 4193 decem
667 4127 805 4206 solidos3
828 4127 953 4192 nullum
980 4134 1088 4191 tamen
1115 4128 1253 4225 penitus
1278 4129 1406 4213 stipen-

257 4211 349 4275 dium
365 4213 536 4299 accipient.
584 4214 649 4278 Sed
663 4214 690 4277 si
705 4214 788 4279 bene
802 4235 837 4277 se
856 4220 982 4299 gerant,
998 4220 1033 4276 et
1058 4212 1167 4276 adsint
1180 4216 1281 4277 etiam
1296 4216 1406 4300 quali·

257 4305 342 4447 tatep
352 4320 465 4384 ornnes
474 4299 516 4367 ad
524 4298 720 4387 discipulum
731 4297 1064 4385 requisitae,volumus
1075 4304 1113 4362 ut
1122 4300 1330 4385 comparibus
1338 4301 1406 4368 sint

255 4404 327 4469 prae
342 4384 398 4448 ati.
