3000 4700
241 225 285 288 68
445 225 580 292 &anta
594 227 633 310 of
645 225 762 311 Corpus
781 225 899 290 cirisi
915 223 1041 310 Callope,
1062 225 1191 309 Orford.

13 370 25 383 ’
81 394 187 468 Amnis
242 389 420 454 statuimus
431 411 471 453 ne
479 389 551 473 quis
563 389 741 460 Sociorum,
751 387 955 458 scholarium,
967 387 1201 488 discipulorum
1212 395 1271 452 aut
1280 385 1396 449 minis·

80 454 209 512 ΜΒΝ·
244 486 369 541 trorum
384 475 494 540 sacelli
508 476 610 540 nostri
626 474 779 561 Collegii,
792 497 916 538 comam
935 497 1028 538 suam
1052 473 1235 539 rnordinate
1257 473 1395 549 nutriat,

245 571 305 625 aut
319 560 419 645 ipsam
435 562 467 624 in
483 561 564 625 collo
578 560 629 624 vel
654 561 687 624 in
703 561 810 626 fronte
826 561 921 624 nimis
939 572 1128 647 protensam
1144 560 1276 624 habeat.
1323 558 1395 620 Ha-

244 648 406 730 beantque
425 647 574 733 praedicti
598 669 727 711 coronas
750 656 785 711 et
808 658 954 711 tonsuras
971 647 1116 733 ipsorum
1140 645 1255 723 ordini,
1275 643 1397 746 gradui

81 748 211 807 suava-
243 745 279 798 et
294 733 407 812 statui,
423 743 644 818 congruentes.
688 732 903 796 Prohibemus
918 733 1054 818 insuper
1068 755 1108 796 ne
1123 733 1196 815 quis
1216 732 1395 807 Socrorum,

81 812 188 865 vetere.
243 819 447 898 scholarium,
464 819 697 904 discipulorum
723 829 782 883 out
803 819 1025 883 ministrorum
1045 819 1166 892 sacelli,
1190 817 1296 904 magis
1322 837 1396 902 pre-

126 929 129 932 ’
245 906 337 970 tiosis
349 916 409 969 aut
422 905 622 991 sumptuosis
634 914 748 969 utatur
760 905 901 989 pellibus
913 927 1013 986 quarn
1025 906 1093 988 ejus
1107 904 1211 969 statui
1222 915 1257 967 et
1265 901 1396 988 gradui,

245 991 455 1056 Prrrsidentis
475 992 527 1055 vel
547 1014 586 1055 eo
610 992 746 1055 absente
763 990 1048 1077 Vicepraesidentis
1064 989 1198 1075 judicio,
1215 989 1397 1064 conveniat,

245 1089 303 1142 aut
327 1079 465 1152 velveto‚
480 1077 674 1154 damaseeto,
690 1076 882 1155 chamelet0,
897 1077 999 1141 serico
1021 1077 1073 1140 vel
1096 1077 1201 1140 satino
1225 1074 1336 1150 serico,
1363 1073 1398 1136 in

244 1164 392 1229 vestibus
406 1165 484 1243 suis,
505 1165 651 1230 exterius
675 1163 729 1229 vel
747 1163 895 1242 interius,
911 1163 979 1227 sive
1001 1162 1035 1226 in
1057 1184 1168 1226 earum
1193 1160 1329 1224 fimbriis
1345 1159 1401 1223 vel

82 1262 216 1308 Penattics.
245 1250 521 1314 extremitatibus.
582 1249 680 1327 Quod
703 1249 732 1312 si
765 1248 873 1312 forsan
903 1249 1072 1332 quisquam
1102 1247 1332 1334 praedictorum
1364 1245 1400 1308 in

246 1345 353 1399 nostro
373 1335 518 1422 Collegio
542 1335 578 1398 in
603 1335 775 1421 praemissis
798 1334 851 1399 vel
879 1355 992 1398 eorum
1017 1334 1131 1419 aliquo
1155 1333 1253 1419 hujus
1278 1330 1400 1396 statuti

245 1432 463 1506 transgressor
483 1422 679 1499 inveniatur,
704 1430 739 1484 et
768 1443 807 1483 su
831 1441 867 1484 er
895 1418 947 1482 his
970 1420 1134 1484 convictus
1161 1419 1270 1496 fuerit,
1290 1418 1400 1503 prima

245 1508 316 1572 vice
344 1529 403 1592 per
442 1507 670 1592 septimanam,
704 1443 847 1569 secunda
882 1528 941 1590 per
970 1505 1177 1589 quindenam,
1208 1505 1307 1570 tertia
1336 1526 1400 1588 per

246 1616 399 1668 mensem,
416 1593 565 1677 proxime
585 1604 785 1668 secuturum,
806 1591 954 1655 convictu
970 1614 1029 1656 suo
1043 1591 1192 1676 privetur
1207 1592 1278 1676 ipso
1295 1589 1398 1654 facto:

246 1679 305 1760 qui
326 1679 356 1740 si
370 1688 487 1762 quarto
502 1676 677 1759 deliquerit
691 1688 725 1740 et
739 1677 870 1750 rebellis
885 1687 920 1741 et
940 1679 1124 1742 obstinatus
1143 1677 1273 1747 existat,
1289 1677 1324 1738 in
1339 1674 1400 1739 hoc

247 1787 332 1841 casu,
344 1787 364 1826 a
372 1772 483 1828 nostro
492 1763 651 1848 Collegio,
663 1764 833 1847 praesentis
843 1764 957 1849 vigore
970 1763 1100 1842 statuti,
1112 1763 1217 1848 ipsum
1229 1761 1400 1826 exclusum

247 1861 282 1913 et
318 1850 489 1935 privatum
516 1849 719 1915 decernunus
750 1850 822 1933 ipso
852 1849 947 1913 facto.
1008 1849 1155 1934 Insuper,
1186 1847 1399 1934 prohibemus

84 1954 135 1999 me
145 1953 175 1997 of
246 1958 357 1999 omnes
366 1935 539 2020 praedictos
554 1955 594 2003 ne
612 1936 647 1998 in
662 1934 896 2012 Universitate,
913 1945 1007 1998 extra
1021 1945 1081 1998 aut
1096 1935 1183 1998 intra
1199 1934 1398 2020 Collegium,

84 2012 234 2070 ⁰¹⁰⁸h‘0w·
247 2032 387 2086 utantur
402 2021 568 2086 mantellis
589 2032 648 2085 aut
662 2021 829 2107 liripipiis‚
845 2021 975 2085 bissinis
991 2029 1050 2084 aut
1068 2021 1182 2100 laneis,
1205 2021 1269 2084 nisi
1284 2022 1401 2106 ingru-

247 2120 325 2174 ente
339 2109 542 2185 infirmitate‚
561 2116 620 2173 aut
635 2108 815 2194 impetrata
827 2106 1033 2171 Praesidentis
1044 2116 1102 2171 aut
1112 2105 1401 2192 Vicepraesidentis

248 2217 289 2260 ex
309 2205 447 2282 urgente
469 2217 565 2258 causa
583 2193 748 2258 facultate.
792 2193 1029 2270 Permittimus,
1046 2202 1164 2270 tamen,
1189 2203 1229 2256 ut
1244 2201 1401 2256 exeuntes

252 2281 509 2345 Universitatem
538 2290 571 2350 et
601 2279 775 2343 redeuutes
806 2279 976 2363 torquibus
1015 2279 1183 2343 tartarinis
1214 2287 1272 2344 aut
1297 2277 1404 2342 laneis

251 2368 412 2452 (liripipia
427 2367 556 2452 vocant)
570 2366 730 2451 tantisper
744 2366 775 2429 si
790 2365 893 2430 velint
907 2374 1052 2430 utantur.

294 2502 376 2589 Cap.
391 2502 442 2567 28.
467 2506 519 2567 De
534 2504 627 2581 ludu,
643 2506 851 2570 venationibus
864 2516 892 2569 et
907 2505 1169 2589 ancupationibus,
1179 2504 1355 2587 prohibitis.

298 2627 346 2690 Ut
360 2649 401 2690 ea
415 2626 652 2713 propulsentur
666 2627 775 2691 omnia
798 2650 874 2713 quae
898 2625 1010 2691 studio
1030 2626 1178 2690 literario
1193 2634 1268 2688 sunt
1284 2625 1402 2689 adver-

251 2714 357 2777 santia
372 2734 515 2797 quaeque
531 2712 573 2775 ad
588 2713 703 2776 miram
728 2723 763 2777 et
787 2712 1011 2777 incredibilem
1033 2712 1168 2777 trahant
1184 2711 1401 2796 voluptatem,

89 2817 196 2876 against
251 2799 306 2863 cui
320 2797 459 2862 nimium
475 2797 580 2865 dediti
594 2798 781 2879 efficiuntur
791 2821 858 2861 suae
874 2798 1052 2865 honestatis
1064 2808 1100 2862 et
1113 2796 1273 2862 commodi
1285 2799 1402 2861 imme-

89 2877 206 2992 lffifflg
252 2906 366 2962 mores,
382 2884 560 2949 statuimus
576 2893 616 2948 ut
629 2883 742 2947 nullus
765 2884 885 2963 SociuS,
901 2884 1056 2949 scholaris
1071 2885 1125 2948 vel
1135 2883 1324 2969 discipulus
1341 2894 1403 2949 aut

132 3027 138 3039 .
207 2965 216 2992 '
253 2971 403 3035 minister
413 2970 524 3036 sacelli
538 2970 642 3035 nostri
653 2970 806 3056 Collegii
818 2969 948 3035 deditus
960 2971 1003 3036 sit
1011 2970 1179 3035 venationi
1193 2980 1227 3035 et
1239 2970 1380 3055 aucupio
1394 2996 1402 3046 ;

253 3080 404 3123 canemve
430 3057 552 3121 habeat
575 3065 635 3119 aut
658 3056 786 3120 nutriat
801 3056 987 3120 venaticum
1015 3079 1073 3120 seu
1097 3057 1233 3121 alterius
1257 3056 1403 3142 cujusvis

254 3143 393 3230 generis,
405 3143 646 3219 autviverram,
661 3141 816 3207 serettum
831 3141 1010 3228 appellant,
1026 3144 1246 3227 cujuscunque
1260 3142 1402 3227 generis,
1421 3178 1424 3187 ·

256 3230 322 3294 acsi
346 3230 425 3293 itres
446 3229 688 3316 qualescunque
713 3240 773 3293 aut
798 3249 877 3291 aves
901 3228 1045 3313 aucupii,
1062 3237 1122 3292 aut
1143 3228 1345 3304 cantatrices,
1362 3238 1404 3293 ut
1496 3280 1499 3288 ,

256 3252 401 3392 turdirm,
427 3316 605 3379 maviscum
628 3324 752 3393 vocant,
772 3314 950 3391 lusciniam,
975 3324 1124 3377 sturnum
1151 3324 1210 3379 aut
1232 3313 1403 3393 merulam,

94 3402 168 3459 Dice,
257 3402 345 3465 intra
359 3401 545 3487 Collegium
558 3402 611 3466 vel
625 3411 727 3465 extra.
769 3399 982 3465 Prohibentes
994 3399 1128 3485 insuper
1140 3400 1292 3478 talorum,
1304 3399 1404 3464 taxil-

95 3460 233 3517 m’m
256 3488 374 3564 lorum,
389 3486 543 3562 alearum,
565 3486 752 3550 chartarum
774 3486 944 3571 pictarum.
967 3485 1103 3549 chardas
1124 3495 1250 3565 vocant,
1273 3486 1405 3551 orbium

257 3582 421 3658 praeterea
434 3595 492 3635 seu
507 3572 649 3657 pilarum
664 3571 848 3657 ligneorum
866 3582 925 3635 aut
939 3571 1074 3635 aliarum
1088 3572 1232 3657 pilarum
1248 3571 1292 3637 ad
1308 3572 1404 3651 aedes,

258 3679 381 3734 muros,
397 3656 525 3742 tegulas
548 3666 607 3721 aut
630 3656 721 3721 ultra
742 3658 826 3725 fines,
834 3658 1036 3743 jactitarum,
1055 3680 1248 3744 omnemque
1268 3658 1406 3743 insuper

261 3742 361 3808 alium
372 3742 488 3805 ludum
499 3748 575 3830 jure
587 3742 739 3807 canonico
755 3742 808 3806 vel
822 3744 926 3829 regni,
940 3754 1001 3808 aut
1015 3743 1225 3808 Praesidentis
1240 3744 1292 3810 vel
1305 3743 1403 3810 Vice-

260 3827 468 3917 praesideutis
482 3828 540 3913 qui
555 3851 615 3915 pro
629 3837 776 3915 tempore
799 3829 898 3894 fuerit
914 3830 1062 3896 etunius
1085 3830 1210 3895 Decani
1229 3830 1354 3914 judicio
1369 3840 1404 3895 et
1483 3875 1497 3888 -

260 3915 432 3992 sententia,
449 3914 603 3982 illicitum
626 3924 660 3978 et
673 3914 887 4001 prohibitum,
904 3938 924 3979 a
937 3916 1058 3980 nostris
1081 3925 1141 3981 aut
1163 3939 1275 3981 eorum
1291 3916 1404 4001 aliquo

260 4003 333 4067 ullo
345 4012 451 4089 pacto,
467 4002 501 4065 in
520 4002 739 4065 Universitate
755 4002 808 4066 vel
832 4013 936 4079 extra,
961 4002 1033 4066 fieri
1052 4016 1111 4067 aut
1133 4004 1283 4067 exerceri.
1332 4002 1404 4065 Ho-
1490 4028 1499 4039 ·

260 4101 386 4154 nestam
397 4097 507 4153 tamen
517 4099 552 4154 et
562 4088 762 4153 moderatam
773 4089 976 4153 venationem
986 4097 1046 4152 aut
1055 4088 1316 4174 aucupationem,
1328 4110 1405 4153 cum

261 4185 359 4240 extra
369 4175 627 4249 Universitatem
642 4196 683 4239 ex
694 4174 789 4239 venia
800 4184 913 4259 agant,
925 4196 985 4259 per
998 4189 1173 4258 praesentes
1185 4195 1251 4237 non
1262 4173 1404 4240 intendi·

261 4282 332 4326 mus
346 4260 530 4346 prohibere.
560 4260 680 4345 Siquis
691 4282 770 4325 vero
785 4259 1123 4346 praedictorum‘hujus
1135 4259 1256 4325 statuti
1266 4260 1406 4327 violator

251 4347 421 4422 extiterit,
446 4357 480 4411 et
502 4368 601 4431 super
624 4346 683 4411 hoc
697 4346 864 4413 convietus
886 4345 988 4412 fuerit
1003 4367 1109 4411 coram
1127 4345 1337 4419 Praesidente,
1352 4347 1407 4413 vel

261 4452 300 4493 eo
314 4432 448 4498 absente
462 4431 747 4516 Vieepresidente
765 4443 799 4497 et
823 4454 882 4495 uuo
906 4430 1039 4497 Decano
1059 4431 1111 4498 vel
1136 4437 1209 4517 ejus
1232 4431 1404 4519 deputato,
1493 4484 1499 4497 .
