3000 4700
270 211 313 280 76
474 213 607 280 &aaa
619 215 660 297 os
671 211 788 298 corpus
807 211 925 277 Christi
942 212 1065 297 Callope,
1087 211 1215 296 Oaford.

270 376 435 441 debitores
459 376 504 440 sti
567 374 661 439 dinm
683 375 790 439 ullum
815 376 851 440 in
878 375 1024 462 Collegio
1047 385 1107 440 aut
1131 384 1268 452 vestem,
1297 374 1357 438 sed
1380 395 1420 437 ea

270 473 415 526 reservet
428 462 493 526 sibi
505 395 701 546 iiilegium,
715 462 751 525 in
790 472 893 526 artem
904 461 1085 538 solutionis,
1098 461 1210 544 quoad
1223 461 1334 524 omnia
1345 481 1420 545 per-

271 548 450 612 solvantur.
511 548 563 611 Ac
589 548 619 610 si
646 547 730 612 forte
759 485 932 612 decesserit
955 556 1031 610 ante
1057 547 1188 632 plenam
1211 546 1419 623 solutionem,

273 632 426 697 volumus
437 643 475 697 ut
487 633 711 718 implacitatur
721 634 756 697 in
766 634 849 720 lege,
862 655 920 697 nec
932 633 1056 714 aliquid
1068 634 1270 710 remittatur,
1284 641 1421 718 propter

272 725 343 804 ejus
352 719 633 805 ingratitudinem.
665 721 803 798 Tamen,
817 720 845 782 si
855 719 936 783 dicti
952 719 1200 805 Dispensatores
1212 718 1421 796 Praesidenti,

274 805 554 890 Vicepraeaidenti,
583 806 720 868 Decanis
746 816 780 870 et
806 806 927 870 caeteris
946 827 989 868 ex
1003 817 1130 891 septem
1159 805 1260 869 Sociis
1276 803 1423 867 maxime

272 891 463 969 senioribus,
478 892 532 955 vel
545 890 741 956 Praesidenti
751 893 810 955 uni
824 892 953 955 Decano
968 901 1002 955 et
1016 892 1131 977 majori
1145 892 1233 977 parti
1244 888 1424 954 eorundem

274 987 399 1062 septem
420 977 588 1040 Sociorum
616 979 757 1041 maxime
772 979 943 1052 seniorum,
965 977 1203 1041 declaraverint
1225 987 1258 1040 et
1285 976 1424 1040 demon-

274 1063 454 1128 straverint
477 1085 541 1126 non
567 1086 626 1127 sua
648 1064 744 1150 culpa
767 1074 825 1127 aut
847 1064 1062 1150 negligentia,
1079 1073 1138 1127 aut
1161 1063 1263 1126 nimia
1286 1061 1425 1147 proprio

275 1149 371 1212 luxui
400 1149 619 1236 indulgentia,
653 1150 837 1234 hujusmodi
865 1159 1012 1234 sumptus
1041 1149 1290 1213 allocutionibus
1320 1148 1425 1210 fnisse

275 1237 423 1322 majores,
440 1245 519 1299 tunc
534 1236 656 1298 abillis
675 1237 889 1314 auditoribus,
904 1257 1042 1319 quorum
1053 1235 1178 1320 judicio
1200 1233 1427 1319 obtemperari

277 1331 312 1384 et
326 1322 406 1384 stari
417 1321 575 1394 volumus,
584 1322 719 1407 exigere
730 1331 865 1407 possunt
877 1330 916 1384 ut
930 1321 1025 1397 Socii,
1035 1321 1195 1384 scholares
1210 1330 1244 1384 et
1255 1318 1424 1404 discipuli,

276 1405 525 1470 adlevationem
541 1406 629 1470 illius
644 1408 864 1493 exuperantia
885 1408 1104 1471 contribuant.
1151 1405 1428 1487 Praesidentisque

277 1501 313 1555 et
324 1501 510 1556 caeterorum
524 1494 669 1556 omnium
683 1493 910 1578 predictorum
924 1493 1142 1570 conscientias
1153 1492 1196 1556 ad
1205 1491 1427 1577 judicandum

276 1588 312 1641 et
335 1579 596 1662 prosequendum
622 1578 657 1641 id
673 1579 761 1661 quod
776 1580 809 1642 in
824 1601 865 1643 ea
887 1589 979 1665 parte
999 1585 1128 1665 justum
1152 1589 1187 1642 et
1205 1578 1326 1641 rationi
1351 1599 1428 1640 con·

275 1673 468 1726 sentaneum
480 1664 687 1742 crediderint,
696 1674 856 1746 quantum
864 1687 1033 1750 possumus
1043 1666 1077 1728 in
1089 1665 1232 1730 Domino
1239 1685 1426 1728 oneramus.

117 1755 249 1802 commoni
280 1747 444 1812 Volumus
467 1760 574 1814 tamen
598 1762 633 1814 et
655 1750 844 1814 ordinamus
859 1762 908 1828 ut,
925 1773 986 1837 pro
1000 1751 1188 1815 communiis
1209 1751 1366 1814 intereos
1392 1749 1427 1812 in

115 1813 214 1930 {iffi
273 1835 458 1919 maj0ribus
472 1836 566 1900 festis
581 1847 616 1900 et
629 1836 868 1902 solennioribus
885 1832 1067 1900 allocentur
1089 1859 1147 1900 sex
1164 1837 1255 1902 librae
1266 1835 1427 1899 tredecim

117 1930 249 1977 Festivsls·
275 1920 375 1984 solidi
408 1930 443 1985 et
471 1934 616 2005 quatuor
643 1921 781 1998 denarii,
810 1930 911 2010 juxta
939 1922 1148 2008 prudentiam
1177 1932 1212 1986 et
1247 1922 1427 1986 arbitrium

281 2006 499 2087 Prasidenris,
523 2010 574 2072 vel
596 2032 635 2074 eo
650 2010 783 2075 absente
802 2008 1094 2094 Vicepraesidontis,
1118 2018 1152 2072 et
1173 2009 1304 2096 majoris
1318 2009 1430 2094 partis

278 2104 407 2179 septem
430 2095 607 2174 saniorum,
632 2095 764 2178 quando
788 2105 822 2159 et
844 2094 1005 2178 quomodo
1020 2095 1202 2159 dividenda
1227 2105 1262 2158 et
1290 2094 1430 2180 dispen—

279 2180 389 2244 sandae
404 2180 537 2245 fuerint.
584 2181 723 2244 Grossos
745 2191 902 2267 praeterea
916 2182 1076 2265 pistorum
1090 2191 1124 2246 et
1142 2181 1372 2260 brasiatorum‚
1388 2189 1431 2244 ut

278 2265 458 2350 appellant,
470 2266 513 2328 ad
522 2268 822 2353 augmentationem
830 2268 995 2331 convictus
1003 2268 1170 2331 Sociorum
1180 2278 1213 2331 et
1221 2265 1430 2343 scholarium,

279 2372 342 2435 per
355 2353 618 2436 Dispensatores‚
633 2354 913 2418 consentientibus
936 2350 1135 2419 Praesidente
1150 2365 1183 2418 et
1197 2359 1319 2439 maj0re
1334 2362 1431 2438 parte

234 2484 241 2496 .
281 2436 442 2500 dictorum
464 2448 590 2524 septem
613 2440 756 2502 maxime
771 2440 945 2517 seniorum,
962 2442 1106 2504 converti
1121 2440 1364 2526 permittimus3
1381 2440 1432 2503 ita

282 2531 402 2600 tamen,
418 2530 457 2586 ut
475 2524 504 2587 si
551 2523 616 2587 ulis
631 2525 724 2588 annis
743 2526 846 2589 nostri
862 2525 1006 2611 Collegii
1025 2527 1271 2611 Dispensatores
1296 2524 1433 2588 illorum

280 2626 463 2692 grossorum
487 2632 523 2673 re
546 2610 626 2674 dant
640 2611 809 2691 rationem,
834 2621 868 2675 et
891 2612 944 2674 vel
972 2611 1015 2674 ad
1042 2613 1209 2676 convictus
1233 2621 1433 2697 augmenta-

282 2694 415 2772 tionem,
432 2706 472 2759 ut
485 2695 669 2781 praefertur‚
690 2697 747 2760 vel
769 2698 812 2761 ad
832 2697 974 2783 Collegii
987 2697 1167 2762 utilitatem
1182 2708 1432 2762 convertantur.

283 2778 332 2840 Et
354 2780 382 2842 si
403 2780 570 2845 interdum
585 2804 704 2869 magna
727 2793 771 2854 et,
789 2782 1006 2861 Praesidentis‚
1030 2784 1084 2847 vel
1109 2807 1147 2848 eo
1171 2785 1307 2847 absente
1332 2784 1434 2848 Vice-

282 2864 498 2949 praesidentis,
526 2869 624 2932 unius
651 2870 774 2933 Decani
797 2878 831 2933 et
855 2870 986 2953 majoris
1009 2870 1115 2955 partis
1139 2870 1278 2933 aliorum
1304 2879 1435 2955 septem

282 2952 445 3018 seniorum
469 2954 598 3029 udicio,
622 2955 694 3020 fere
718 2954 934 3019 intolerabilis
956 2956 1055 3019 boum
1071 2956 1221 3020 oviumve
1245 2956 1378 3019 caristia
1400 2959 1434 3019 in

283 3040 441 3105 comitatu
451 2976 630 3106 (broniensi
638 3043 727 3106 ultra
743 3060 888 3105 mensem
900 3042 1066 3127 integrum
1075 3040 1258 3119 duraverit,
1274 3051 1363 3119 tunc,
1375 3064 1436 3128 pro

283 3125 425 3212 singulis
446 3128 637 3213 septimanis
660 3128 856 3214 ejuscemodi
870 3128 988 3209 quibus
1003 3128 1265 3212 perseveraverit
1282 3123 1342 3191 illa
1365 3138 1436 3191 tarn

284 3211 456 3277 vehemens
470 3214 613 3293 caristia,
627 3214 710 3279 duos
722 3213 844 3279 solides
857 3213 946 3278 ultra
958 3215 1066 3277 omnia
1077 3211 1237 3300 praedicta,
1248 3213 1291 3277 ad
1305 3236 1436 3300 praeno-

284 3298 482 3363 minatorum
494 3301 670 3365 arbitrium
685 3310 720 3365 et
744 3302 778 3364 in
793 3302 916 3365 virtute
933 3302 1116 3385 juramenti
1134 3301 1178 3364 ad
1197 3301 1340 3363 strictam
1357 3320 1435 3364 corr-

283 3384 465 3464 scientiam,
481 3386 510 3449 si
524 3387 687 3464 videlicet,
703 3409 745 3451 ex
768 3386 910 3450 illatam
931 3386 1132 3450 intolerabili
1147 3387 1279 3450 caristia
1302 3396 1437 3450 tantum

285 3470 318 3531 in
334 3472 404 3534 suis
419 3473 609 3536 communiis
626 3472 898 3537 detrimentorum
910 3472 1083 3550 incurrant,
1098 3491 1158 3559 pro
1173 3474 1327 3536 universa
1348 3474 1437 3536 mul·

285 3554 432 3621 titudine
454 3558 601 3620 omnium
622 3577 833 3643 personarum
854 3558 957 3621 nostri
973 3558 1114 3645 Collegii
1138 3559 1271 3621 allocari
1295 3560 1437 3644 permit·

286 3640 396 3706 timus.
442 3643 629 3708 Dummodo
644 3654 755 3708 tamen
777 3663 836 3730 pro
851 3644 1001 3729 pluribus
1017 3666 1115 3727 quam
1137 3665 1196 3730 pro
1211 3644 1438 3731 quadraginta

286 3726 475 3811 septimanis
491 3730 526 3791 in
541 3748 606 3795 uno
621 3738 655 3793 et
668 3730 783 3794 eodem
793 3752 880 3793 anno
899 3729 964 3793 baec
977 3730 1070 3795 nullo
1084 3742 1181 3816 pacto
1197 3730 1255 3793 fiat
1272 3730 1437 3795 allocatio.

124 3821 263 3873 woodmd
287 3812 336 3876 Et
351 3814 429 3894 quia
444 3815 595 3899 cupimus
618 3817 750 3881 omnino
773 3826 812 3881 ut
835 3815 1007 3902 praedictus
1026 3818 1190 3881 convictus
1205 3816 1249 3881 sit
1272 3838 1438 3903 congruus
1490 3845 1496 3851 ·

124 3886 198 3933 ⁰⁰⁸¹*
287 3908 321 3963 et
338 3899 549 3965 studentibus
563 3912 669 3988 aptus,
683 3924 725 3967 ex
740 3914 852 3967 nostra
866 3902 1085 3988 benignitate,
1097 3902 1138 3966 ad
1149 3904 1315 3967 convictus
1331 3903 1438 3965 admi·

287 3985 443 4063 niculum,
460 3988 662 4053 concedimus
677 3990 723 4053 eis
738 3989 878 4075 singulis
893 3989 987 4051 annis
1000 4010 1060 4074 pro
1076 3989 1175 4077 lignis
1191 4000 1226 4054 et
1239 3990 1439 4054 carbonibus

287 4072 323 4135 in
336 4073 445 4137 culina
459 4077 683 4140 consumendis
697 4088 840 4160 quatuor
855 4076 968 4139 libras.

605 4215 685 4301 Cap.
705 4216 758 4280 32.
782 4217 835 4279 Dc
851 4215 1018 4280 senescallo
1033 4216 1122 4277 culce.

335 4332 389 4397 Ne
419 4334 454 4397 in
484 4332 733 4422 Dispensatores
765 4346 824 4400 aut
849 4336 1084 4398 Obsonatorem
1117 4333 1234 4398 merito
1268 4333 1441 4420 ingeratur

289 4419 409 4483 crimen
425 4430 494 4493 aut,
512 4431 552 4486 ut
564 4424 758 4506 plerumque
775 4422 821 4500 fit,
842 4421 969 4484 oriatur
987 4420 1125 4505 suspicio
1140 4418 1181 4483 do
1200 4420 1441 4487 esculentorum
