3000 4700
329 131 463 214 suna
476 151 516 234 <ff
528 147 646 236 corpu
664 149 785 216 cane
802 150 928 237 cuae,
947 151 1078 236 exsors
1235 152 1278 216 ss

29 283 32 420 f
121 311 358 380 necessitatem
382 320 414 378 et
435 314 726 400 opportunitatem,
744 314 973 378 aestimandam
995 323 1029 379 et
1051 314 1277 383 arbitrandum

28 425 30 432 >
121 397 369 478 committimus,
389 399 424 463 id
444 421 613 464 necessum
629 400 805 479 videbitur,
828 401 871 465 ad
888 400 993 466 locum
1009 402 1153 486 aliquem
1170 424 1275 490 prope

123 481 416 568 Magdalenenses,
427 485 456 548 si
471 486 549 551 talis
569 486 736 552 commode
753 509 812 572 pro
832 488 880 551 eis
895 489 1060 574 provideri
1074 488 1177 574 possit
1190 512 1199 565 ;
1221 489 1273 552 sin

123 569 288 638 minusad
300 572 764 660 atiumcongregenturlocum
778 594 836 659 per
843 573 1016 659 praedictos
1025 574 1272 658 assignandum.

123 653 170 721 Et
186 657 448 745 quandocunque
463 659 584 723 artium
603 659 809 723 Baccalaurei
825 660 874 724 ita
887 683 986 726 causa
996 661 1100 748 pestis
1115 659 1157 724 ad
1171 682 1273 724 unum

23 755 26 792 t
123 741 240 822 locum,
257 767 318 829 per
341 744 513 832 praedictos
539 747 755 831 assignatum,
772 747 993 823 convenerint,
1018 745 1212 810 mandamus
1234 755 1273 811 ut

125 850 200 892 suas
219 829 473 916 disputationes,
490 831 628 913 perinde
657 854 694 896 ac
719 831 748 894 si
772 832 806 894 in
824 831 975 918 Collegio
996 841 1118 912 essent,
1143 855 1273 918 semper

124 925 278 981 serventz
292 927 335 991 et,
353 918 379 980 si
390 917 593 1003 opusfuorit,
602 939 658 1003 per
665 916 912 996 Praesidentcm,
920 918 973 982 vel
983 941 1023 983 eo
1034 919 1169 982 absente
1179 919 1271 984 Vice-

19 1051 20 1088 3
124 1002 369 1084 praesidentem,
387 1013 421 1068 et
443 1010 510 1068 tres
525 1025 565 1066 ex
580 1013 708 1090 septem
723 1004 861 1069 maxime
873 1005 1056 1068 senioribus
1070 1005 1114 1068 eli
1137 1011 1222 1072 atur,
1238 1014 1272 1070 et

18 1089 20 1106 ³
123 1086 158 1150 in
176 1088 298 1154 virtute
314 1090 367 1153 sui
377 1090 561 1176 Juramenti
577 1087 768 1174 deputetur,
783 1111 870 1155 unus
885 1090 925 1154 de
939 1091 1041 1154 Sociis
1057 1029 1150 1154 Colis
1175 1089 1200 1153 ii
1214 1091 1271 1173 qui

17 1195 18 1206 ¹
124 1170 159 1244 in
183 1175 396 1262 philosophia
419 1176 562 1240 naturali
586 1176 638 1241 rei
660 1176 885 1262 metaphysica
907 1177 1078 1240 lectionem
1100 1112 1272 1263 pedegat3

16 1265 17 1270 ’
122 1259 309 1345 habeatque
324 1263 463 1348 singulis
487 1262 678 1348 septimanis
700 1263 735 1325 in
761 1263 883 1345 quibus
899 1263 1016 1350 legerit
1037 1283 1097 1348 pro
1122 1264 1195 1348 ejus
1211 1263 1270 1326 sti-

123 1348 248 1434 pendio
263 1348 434 1412 duodecim
450 1347 609 1412 denarios.
656 1347 765 1434 Cujus
779 1348 890 1414 salarii
904 1372 972 1414 una
997 1347 1157 1413 medietas
1173 1349 1215 1412 sit
1230 1352 1271 1413 ad

14 1427 16 1438 ’
122 1435 289 1519 impensas
312 1434 454 1520 Collegii
478 1434 583 1499 altera
604 1432 804 1500 auditorum.
863 1435 1019 1500 Lectores
1047 1435 1082 1498 in
1108 1435 1213 1519 logica
1236 1444 1271 1499 et

122 1541 237 1584 eorum
263 1519 508 1599 auditores,.ad
532 1542 757 1604 quemcunque
781 1523 887 1585 locum
915 1522 1111 1609 deputatum
1133 1542 1270 1606 congre·

123 1615 255 1694 gentur,
265 1609 374 1671 omnia
387 1605 502 1672 eodem
517 1606 630 1670 ordine
645 1608 819 1672 observent
836 1616 893 1673 aut
907 1608 1029 1672 similia
1043 1630 1116 1694 quae
1130 1608 1165 1670 in
1184 1607 1268 1670 Uni-

122 1693 277 1756 versitate
292 1691 447 1757 duximus
462 1691 675 1764 observanda,
721 1694 766 1758 Et
781 1716 893 1758 omnes
910 1693 1097 1780 hujusmodi
1112 1693 1268 1758 absentes
1280 1714 1412 1760 mamona

122 1786 154 1841 et
169 1779 289 1843 studiis
303 1787 337 1844 et
360 1779 553 1844 lectionibus
577 1777 743 1865 praedictis
770 1780 867 1843 simul
890 1781 1124 1854 incumbentes,
1146 1772 1432 1878 Praeterisudiengoib

121 1861 237 1936 domos
257 1888 340 1950 quas
372 1865 513 1951 Collegii
537 1866 694 1951 impensis
719 1866 855 1931 conduci
877 1867 1106 1952 permittimus,
1128 1867 1157 1929 si
1184 1867 1269 1930 Socii
1280 1893 1386 1935 account
1406 1889 1436 1935 of

122 1951 245 2016 suerint
262 1963 321 2016 aut
332 1952 492 2016 scholares
505 1953 593 2016 intra
606 1952 775 2016 biennium
790 1952 1003 2050 probationis,
1042 1974 1075 2014 ro
1089 1953 1268 2016 communis
1280 1948 1419 2008 paulonas.

5 2031 6 2040 ¹
121 2038 191 2102 suis
202 2039 307 2102 minus
319 2061 385 2102 uno
395 2037 539 2114 denario,
553 2048 587 2102 et
598 2036 750 2122 discipuli
761 2059 867 2100 minus
879 2059 945 2100 uno
956 1974 1063 2112 obuio,
1073 2058 1171 2119 quam
1181 2036 1269 2100 domi

120 2122 291 2204 haberent,
307 2147 367 2211 pro
380 2124 527 2209 qualibet
542 2147 577 2188 se
602 2124 722 2186 timens
746 2123 869 2208 singuli
884 2123 1074 2210 percipiant.
1120 2123 1164 2184 Et
1177 2123 1269 2207 quod

121 2209 164 2278 de
187 2215 367 2275 communis
382 2212 564 2276 absentium
577 2147 788 2287 deduximus,
803 2231 900 2272 unam
916 2209 1125 2273 medietatem
1140 2206 1183 2270 ad
1198 2232 1268 2273 sus·

120 2297 304 2363 tentionem
339 2306 372 2363 et
409 2297 705 2386 augmentationem
741 2295 909 2362 convictus
939 2297 1024 2359 domi
1055 2295 1268 2375 manentium,

121 2384 261 2449 alteram
276 2407 352 2449 vero
364 2385 406 2448 ad
417 2384 690 2449 extraordinarios
702 2382 840 2469 Collegii
851 2384 1036 2447 absentium
1045 2404 1144 2447 causa
1155 2404 1269 2470 sump-

121 2476 187 2551 tus,
213 2471 374 2550 videlicet,
398 2471 430 2534 in
449 2470 657 2557 philosophia
672 2468 820 2534 Lectoris
835 2467 1068 2552 domorumque
1082 2468 1268 2534 conductio-

121 2579 209 2637 nem,
224 2558 371 2622 converti
385 2558 543 2628 volumus,
592 2556 731 2635 Proviso,
746 2564 783 2620 ut
797 2554 924 2621 tamdiu
939 2564 972 2619 et
988 2578 1051 2621 non
1066 2556 1155 2620 ultra
1170 2579 1270 2621 unus-

118 2643 259 2729 quisque
271 2643 313 2708 ad
323 2666 406 2711 onus
417 2642 557 2729 collegii
567 2663 753 2707 communes
764 2642 817 2706 uti
829 2643 1003 2728 praefertur
1014 2640 1145 2721 habeat,
1155 2664 1269 2725 quam·

121 2730 183 2794 diu
198 2730 267 2794 ruri
283 2738 316 2794 et
338 2738 433 2796 extra
447 2729 615 2816 oppidum,
630 2736 792 2810 quatenus
809 2751 867 2815 per
885 2729 1067 2793 absentiam
1081 2726 1269 2814 hujusmodi

119 2815 225 2888 liceat,
238 2838 274 2880 se
289 2816 372 2881 ferat
386 2824 425 2881 ut
440 2818 474 2880 in
490 2815 712 2881 Universitate
729 2814 908 2880 secundum
924 2815 1147 2880 ordinationes
1162 2824 1267 2881 statu-

120 2912 228 2968 torum
253 2903 399 2969 deberet.
447 2900 553 2990 Cujus
582 2903 629 2966 rei
655 2924 765 2966 curam
794 2902 911 2967 seniori
930 2903 1016 2966 inter
1039 2923 1095 2965 eos
1116 2901 1207 2966 Socio
1233 2908 1268 2965 et

120 2988 279 3053 officiariis
291 3013 365 3054 cum
381 2988 431 3053 eis
439 2990 568 3054 emissis
582 2988 824 3053 committimus.
847 2989 898 3051 Ac
912 2988 1011 3051 etiam
1019 2986 1158 3072 proviso,
1169 2994 1207 3049 ut
1215 2993 1266 3050 tot
1279 2998 1390 3046 Numbsr

119 3083 311 3141 remaneant
323 3076 408 3140 domi
418 3084 499 3159 quot
511 3078 549 3139 ad
560 3074 700 3160 Collegii
709 3075 987 3139 conservationem
999 3070 1168 3150 sufficiant,
1177 3072 1266 3136 vide-
1276 3060 1430 3165 ffli‘ffss

120 3160 486 3248 licet,Vicepraesidens,
501 3163 651 3225 Decanus
661 3162 778 3224 artium
787 3170 821 3225 st
830 3160 939 3225 senior
949 3160 1178 3243 Dispensator:
1189 3181 1264 3222 nam
1275 3177 1355 3225 home.

117 3248 284 3333 juniorem
304 3250 570 3335 Dispensatorem
594 3269 666 3311 cum
689 3246 814 3310 caeteris
836 3268 895 3332 per
911 3244 1082 3332 praedictos
1101 3244 1219 3323 emitti,
1236 3246 1264 3308 si

120 3332 169 3397 eis
180 3342 400 3421 opportunum
412 3343 446 3399 et
457 3335 675 3398 necessarium
686 3330 847 3410 videatur,
857 3331 1077 3418 permittimus
1089 3353 1097 3393 t
1121 3331 1266 3395 acetiam

121 3419 179 3483 alii
205 3420 272 3485 duo
299 3421 383 3487 Socii
408 3419 593 3486 sacerdotes
618 3419 725 3502 siqui
750 3416 883 3497 fuerint,
905 3419 957 3482 sin
985 3416 1093 3479 minus
1116 3416 1171 3479 alii
1198 3415 1266 3482 duo

120 3507 218 3587 Socii,
244 3508 370 3573 Decani
396 3508 518 3572 artium
540 3514 574 3571 et
599 3505 732 3569 atterius
759 3503 1005 3592 Dispensatoris
1026 3502 1107 3583 loco,
1130 3526 1202 3567 cum
1229 3516 1267 3569 ut

120 3595 291 3679 praefertur
315 3593 479 3667 affuerint,
501 3590 544 3656 ad
565 3590 786 3670 Praesidentis,
803 3591 857 3655 vel
875 3614 914 3657 eo
942 3593 1077 3655 absente
1103 3590 1265 3678 Viceprae·

121 3678 269 3759 sidentis,
293 3689 326 3745 et
349 3681 513 3746 seniorum
527 3678 756 3763 predictorum
776 3678 1043 3764 assignationem,
1058 3700 1131 3743 cum
1154 3686 1265 3742 tamen

120 3764 252 3829 illorum
268 3767 491 3833 officiariorum
507 3764 651 3843 consilio,
662 3764 825 3852 deputati.
849 3764 946 3840 Quod
956 3766 984 3829 si
996 3765 1112 3848 aliquis
1128 3765 1265 3829 istorum

120 3874 204 3935 quos
217 3850 306 3917 domi
320 3875 451 3919 uranere
463 3852 624 3938 J'ussimus
637 3849 738 3915 alium
753 3852 883 3916 Socium
894 3850 1047 3916 idoneum
1061 3851 1100 3915 ad
1117 3856 1189 3936 ejus
1199 3852 1278 3926 otii-7
1372 3900 1376 3906 .

119 3942 206 4002 cium
223 3938 311 4003 domi
333 3936 639 4011 administrandum,
651 3960 712 4025 pro
730 3960 796 4021 quo
816 3961 875 4003 suo
900 3938 1044 4025 periculo
1058 3936 1268 4022 respondeat,

121 4026 300 4111 subrogare
315 4027 393 4091 velit
418 4034 452 4092 et
475 4024 588 4110 possit,
604 4023 638 4088 in
661 4046 699 4087 eo
724 4047 802 4088 casu
825 4047 901 4089 eum
922 4024 1021 4089 etiam
1037 4044 1110 4087 cum
1129 4022 1266 4107 praedic-

121 4119 230 4183 torum
245 4135 405 4177 consensu
421 4112 533 4176 abesse
546 4110 775 4197 permittimus.
818 4109 907 4173 Dum
931 4118 1041 4173 tamen
1057 4107 1168 4172 nultus
1182 4132 1267 4173 unus

120 4198 219 4261 simul
234 4196 374 4264 duorum
389 4198 613 4263 officiariorum
635 4197 742 4260 claves
766 4208 803 4259 ut
823 4197 994 4281 praefertur
1015 4194 1198 4273 custodiat3
1229 4219 1266 4261 ac
1477 4275 1478 4278 Ἴ

120 4285 222 4349 ctiam
245 4285 613 4370 alterDispensatorum
631 4283 763 4347 omnino
789 4281 876 4345 domi
899 4281 1050 4347 resideat.
1096 4281 1268 4347 Ministros
1279 4287 1407 4336 maistas
1476 4287 1478 4349 t

31 4442 34 4447 ,
119 4378 234 4447 autem
249 4372 360 4437 sacelli
371 4394 408 4436 ac
415 4390 604 4437 communes
615 4366 756 4453 Collegii
770 4368 920 4446 famulos,
934 4390 1046 4435 omncs
1061 4375 1095 4433 et
1109 4370 1267 4457 singulos,
1274 4347 1434 4477 ffifficcffi‘
1475 4353 1477 4440 i

1414 4445 1476 4595 t
