3000 4700
117 1155 258 1204 Allowsnm

118 1214 158 1259 t'or
168 1229 233 1261 eom-

117 1286 187 1320 mons
196 1275 223 1320 in

117 1332 190 1378 times
200 1334 230 1379 01

117 1392 234 1452 seareity.

282 231 344 294 114
483 201 618 298 011010
631 231 670 313 os
682 227 800 312 corpu
820 197 937 291 osser
955 225 1080 311 111091,
1100 201 1228 312 asora

281 398 327 463 010
350 398 459 463 soluta
481 403 540 460 aut
564 400 774 460 convertatur
797 392 840 458 ad
867 415 962 458 usum
979 392 1132 481 collegii,
1157 394 1185 458 si
1208 396 1257 459 ita
1281 393 1435 460 videatur

280 483 444 570 praedictis
463 481 644 569 judicibus,
660 489 718 545 aut
733 503 773 544 ea
788 488 977 545 0011000101·
1001 481 1076 544 libri
1103 480 1143 544 ad
1168 481 1377 546 commodum
1402 491 1434 544 et

280 570 457 635 utilitatem
471 567 685 634 studentium.

322 739 478 817 Rursum,
490 739 674 825 experimur
689 759 827 803 annonae
836 739 1001 802 caritatem
1014 745 1048 802 et
1057 739 1239 824 penuriam,
1251 746 1286 803 et
1295 738 1433 803 eandem

280 825 1016 911 continuam,qualemnonnoveruntmajores
1029 824 1141 892 nostri.
1173 824 1432 888 Considerantes

280 935 409 996 quoque
437 922 586 975 ventrem
616 932 682 973 non
713 910 871 975 minorem
897 931 997 992 quam
1026 909 1109 974 solet
1145 917 1301 995 appetere
1331 910 1432 973 immo

282 997 415 1087 exigere
429 998 549 1072 cibum,
556 995 725 1096 praedictis
744 1018 816 1078 quar
830 1017 888 1082 pro
903 997 1039 1060 caritate
1065 1017 1201 1059 annonae
1223 994 1432 1080 providimus

282 1084 351 1148 lraeo
376 1085 476 1148 etiam
499 1079 681 1168 adjicienda
703 1081 865 1145 duximus.
913 1081 1126 1145 Declarantes
1141 1081 1239 1144 simul
1262 1088 1295 1144 et
1320 1081 1432 1145 decer-

283 1166 400 1236 nentes
414 1178 463 1248 ut,
483 1170 608 1252 quotics
622 1168 824 1249 quarterium
837 1166 996 1230 frumenti
1019 1167 1121 1232 tritici
1142 1166 1296 1230 venditur
1310 1168 1345 1229 in
1361 1168 1432 1232 foro

285 1257 467 1322 Oxoniensi
481 1255 588 1318 tribus
603 1253 765 1317 continuis
780 1253 971 1338 septimanis
985 1275 1045 1338 pro
1062 1253 1182 1352 viginti
1195 1254 1299 1316 tribus
1314 1253 1431 1318 solidis

283 1354 317 1408 ct
332 1345 429 1415 ultra,
445 1340 487 1404 ad
502 1340 625 1426 viginti
638 1362 696 1402 sex
711 1337 832 1403 solidos
855 1345 889 1403 et
910 1347 983 1402 octo
999 1337 1158 1417 denarios,
1175 1339 1355 1403 allocentur
1367 1361 1431 1424 pro

283 1429 429 1512 quolibet
446 1429 480 1490 in
494 1428 600 1512 primo
613 1425 738 1502 ordine,
751 1447 848 1508 quem
859 1426 1007 1510 superius
1019 1423 1256 1510 descripsimus,
1269 1425 1383 1489 decem
1395 1435 1430 1490 et

282 1537 398 1578 novem
428 1511 567 1582 denarii,
591 1511 639 1575 ita
665 1511 766 1575 etiam
792 1518 831 1573 ut
858 1510 1042 1574 Praesidens
1071 1533 1129 1574 000
1158 1533 1223 1590 non
1253 1511 1430 1576 fraudetur

279 1607 467 1686 augmento.
514 1597 655 1674 Quoties
670 1619 797 1679 quoque
812 1596 963 1660 venditur
978 1598 1134 1660 frumenti
1148 1593 1351 1678 quarterium
1367 1621 1429 1684 pro

278 1687 398 1772 viginti
419 1706 475 1748 sex
490 1683 604 1746 solidis
619 1689 653 1744 et
668 1691 738 1745 0010
755 1683 897 1747 denariis
923 1691 956 1746 et
980 1683 1079 1756 ultra,
1102 1682 1263 1765 usquead
1288 1686 1430 1770 triginta

275 1771 407 1842 solidos,
430 1770 611 1834 allocentur
627 1768 743 1854 viginti
760 1765 910 1845 denarii3
933 1775 968 1833 et
990 1768 1036 1832 sic
1058 1767 1224 1854 deinceps,
1249 1768 1293 1832 ad
1322 1770 1426 1833 inere-

275 1865 424 1937 mentum
439 1853 881 1939 quadragintadenariorum
896 1854 929 1917 in
940 1855 1048 1940 pretio
1060 1855 1224 1932 frumenti,
1238 1871 1427 1940 augeantur

276 1964 336 2028 pro
351 1943 401 2007 010
429 1942 554 2005 0101010
576 1941 612 2004 10
637 1941 698 2004 hoe
718 1939 825 2027 primo
840 1940 956 2004 ordine¹
975 1939 1124 2004 convictu
1150 1941 1273 2026 singuli
1289 1942 1427 2016 denarii,

275 2038 310 2091 et
330 2052 390 2115 pro
403 1966 621 2092 l'raesidentis
646 2025 731 2102 duo;
755 2025 940 2110 geminatur
963 2028 1046 2088 enim
1071 2026 1233 2090 convictus
1257 2029 1328 2111 ejus
1351 2051 1426 2092 eum

276 2115 484 2179 incremento.
531 2114 594 2176 Pro
608 2111 659 2175 his
675 2110 809 2195 quidem
831 2112 935 2194 quiin
957 2111 1099 2175 secundo
1115 2121 1191 2176 sunt
1206 2113 1333 2191 ordine,
1347 2136 1426 2178 con-

274 2201 455 2264 siderantes
477 2199 563 2283 quod
588 2199 662 2284 plus
688 2197 864 2260 absumant
893 2197 989 2282 panis
1017 2220 1082 2280 quo
1110 2199 1219 2262 minus
1248 2199 1426 2285 adjiciatur

274 2288 388 2365 001010,
404 2286 617 2348 “decernimus
638 2285 709 2369 jam
734 2283 853 2361 110000,
875 2306 941 2347 000
966 2284 1176 2348 obstantibus
1206 2285 1257 2348 his
1280 2308 1354 2369 qum
1381 2287 1424 2352 de

274 2394 389 2436 eorum
411 2371 561 2434 convictu
582 2370 814 2455 praediximus,
829 2384 875 2448 ut,
892 2370 1023 2453 quoties
1039 2370 1196 2436 frumenti
1217 2374 1424 2455 quarterium

275 2456 438 2521 vendatur
464 2456 498 2518 in
520 2457 591 2519 1010
616 2455 797 2519 Oxoniensi
819 2455 926 2519 tribus
951 2456 1112 2520 continuis
1143 2459 1335 2543 septimanis
1362 2483 1424 2546 pro

274 2543 395 2628 viginti
417 2541 530 2605 solidis
545 2541 688 2612 0101110,
704 2564 807 2623 usque
823 2541 866 2605 ad
880 2542 997 2627 viginti
1012 2551 1079 2606 tres
1094 2542 1215 2607 solidos
1231 2552 1265 2607 et
1278 2556 1423 2626 quatuor

274 2628 435 2701 denarios,
451 2626 631 2691 allucentur
645 2650 705 2713 pro
718 2626 858 2713 singulis
873 2628 909 2690 in
925 2650 963 2691 eo
979 2627 1091 2692 ordine
1101 2628 1271 2693 duodecim
1282 2631 1423 2696 denarii.

277 2716 318 2778 Et
334 2713 462 2796 quoties
487 2713 644 2775 frumenti
666 2714 870 2795 quarterium
886 2713 1041 2777 venditur
1065 2721 1103 2777 ut
1125 2714 1335 2799 praediximus
1359 2740 1423 2803 pro

273 2800 393 2885 viginti
420 2798 526 2862 tribus
548 2796 663 2861 solidis
687 2807 720 2861 et
746 2809 890 2881 quatuor
917 2798 1058 2863 denariis
1081 2807 1115 2863 et
1136 2800 1236 2879 ultra,
1250 2824 1356 2885 usque
1378 2806 1423 2867 ad

273 2886 397 2972 viginti
425 2907 481 2948 sex
509 2883 630 2947 solidos
659 2895 692 2947 et
718 2892 790 2947 octo
813 2884 975 2960 denarios,
991 2884 1171 2949 allorentur
1196 2908 1256 2971 pro
1279 2890 1422 2974 singulis

271 2972 428 3035 tredecim
442 2969 587 3048 denarii3
602 2970 698 3032 etsie
713 2968 878 3055 deinceps,
894 2969 937 3033 ad
952 2971 1187 3035 incrementum
1199 2973 1422 3059 quadraginta

272 3056 479 3121 denariorum
493 3057 527 3119 in
534 3056 642 3141 pretio
654 3056 821 3133 frumenti,
833 3069 1015 3141 augeantur
1028 3079 1088 3143 pro
1099 3057 1303 3144 singulorum
1313 3060 1347 3122 in
1359 3060 1421 3126 11οο

272 3143 387 3207 ordine
402 3143 552 3226 convictu
576 3142 698 3228 singuli
713 3141 850 3205 denarii.
900 3143 963 3205 Pro
978 3142 1031 3205 his
1047 3152 1156 3206 autem
1181 3147 1239 3226 qui
1262 3146 1297 3209 in
1319 3148 1422 3211 tertie

270 3237 348 3294 sunt
362 3229 486 3303 ordine,
504 3228 628 3291 horest
643 3226 784 3299 famulis,
801 3249 996 3309 quamquam
1022 3228 1174 3315 superius
1189 3253 1249 3315 pro
1270 3234 1420 3297 convictu

271 3315 382 3381 decem
398 3314 605 3377 denariorum
629 3313 852 3376 allocationem
880 3323 915 3377 et
938 3336 1104 3397 nunquam
1127 3316 1314 3380 ulteriorem
1342 3341 1418 3382 con·

269 3402 446 3475 cessimus;
464 3402 534 3486 jam
550 3407 670 3477 tamen,
686 3398 929 3463 considerantes
947 3422 1058 3465 eorum
1074 3403 1311 3475 necessitatem,
1327 3413 1361 3469 et
1376 3428 1420 3469 ne

270 3487 315 3550 011
337 3486 460 3550 occasio
481 3484 659 3548 fraudandi
674 3484 765 3560 alios,
782 3485 1012 3570 permittimus,
1027 3486 1056 3549 si
1070 3486 1117 3549 ita
1131 3486 1284 3552 videatur
1298 3491 1420 3554 Praesi-

268 3572 369 3649 denti,
392 3570 675 3655 Vicepraesidenti,
700 3577 733 3634 et
756 3571 871 3653 majori
900 3572 990 3656 parti
1013 3584 1141 3657 septem
1168 3572 1348 3655 seniorum,
1377 3588 1419 3643 ut

256 3656 568 3738 Ι(1001100110010011
591 3658 790 3737 quarterium
806 3655 960 3720 venditur
975 3658 1008 3721 in
1023 3657 1093 3721 1010
1109 3658 1295 3723 Oxoniensi
1306 3662 1419 3729 tribus

267 3741 430 3806 continuis
447 3741 639 3825 septimanis
663 3762 724 3839 pro
747 3740 903 3805 tredecim
926 3744 1039 3808 solidis
1062 3758 1093 3808 et
1116 3752 1258 3828 quatuor
1273 3746 1418 3812 denariis

266 3839 302 3893 01
315 3828 412 3899 ultra,
428 3849 530 3909 usque
547 3826 588 3890 ad
603 3826 725 3912 viginti
738 3826 870 3900 solidos,
886 3828 1062 3895 allucentur
1076 3853 1136 3917 pro
1152 3832 1302 3917 singulis·
1318 3834 1351 3895 in
1376 3858 1418 3900 eo

251 3915 381 3979 ordine
399 3912 568 3977 duodecim
586 3911 723 3976 denarii.
769 3912 819 3976 Ae
835 3904 987 4063 deinceps
1001 3916 1059 3980 fiat
1072 3938 1134 4016 pro
1147 3918 1288 4003 singulis
1303 3919 1338 3983 in
1354 3918 1418 3985 hoe

265 4002 382 4066 ordine
398 4000 558 4078 allocatio,
582 3998 710 4081 qualem
739 4020 838 4098 supra
863 4022 922 4085 pro
969 4000 996 4065 is
1025 4024 1082 4085 qur
1107 4026 1141 4065 10
1166 4003 1311 4068 seeundo
1335 4016 1416 4071 sunt

265 4088 380 4152 ordine
402 4086 652 4172 assignavimus
701 4084 934 4152 Ε10110110010
959 4087 1041 4151 adeo
1064 4088 1236 4153 increverit
1260 4091 1417 4158 frumenti

264 4174 420 4259 pretium,
438 4169 792 4247 01001000011000110,
810 4178 848 4234 ut
862 4194 925 4235 non
938 4172 1098 4237 sufficiant
1122 4175 1163 4238 ad
1188 4184 1318 4241 tantam
1334 4177 1413 4243 allo-

263 4258 422 4322 cationem
438 4265 472 4320 01
488 4257 613 4339 reliqua
628 4278 728 4318 onera
742 4256 967 4340 supportanda
987 4256 1135 4321 redditus
1150 4259 1240 4325 illius
1255 4263 1414 4346 annique

261 4342 452 4417 illacaritas
467 4339 630 4412 acciderit,
641 4341 948 4424 tuncpermittimus
959 4342 1042 4404 utin
1058 4364 1097 4405 00
1111 4366 1199 4423 casu,
1209 4368 1268 4432 per
1278 4348 1413 4414 modum

261 4426 380 4500 mutui,
396 4425 438 4487 de
455 4427 536 4487 cista
554 4426 748 4508 placitorum
764 4432 893 4488 tanturn
909 4426 1100 4491 extrahatur
1113 4432 1202 4512 quod
1216 4434 1355 4499 sufficiat
1377 4446 1414 4501 et
1488 4482 1496 4497 .
