3000 4700
272 225 316 290 64
476 223 611 291 &aare
625 225 665 306 of
677 221 795 307 Corpus
812 220 929 286 Christi
947 219 1073 307 Callope,
1094 219 1223 304 Offerd.

271 387 442 459 scholares,
473 409 510 452 ac
540 384 717 473 discipulos
745 407 855 450 omnes
883 395 1056 473 presentes
1081 392 1117 448 et
1146 384 1282 462 futuros,
1313 382 1366 448 uti
1395 381 1427 446 in

272 475 424 558 omnibus
449 481 483 537 et
506 495 607 559 super
635 472 744 536 omnia
767 472 928 537 unitatem
943 480 979 536 et
1000 480 1153 535 mutuam
1176 471 1264 534 inter
1284 492 1321 533 se
1344 470 1427 533 cari-

207 615 209 622 ,
272 571 386 632 tatem,
412 558 631 638 dilectionem,
652 580 765 644 pacem
784 569 819 624 et
841 557 1052 635 concordiam,
1075 578 1205 644 semper
1226 557 1370 620 habeant
1395 566 1429 619 et

272 648 454 725 observent,
479 667 515 708 ac
543 667 604 731 pro
626 645 674 710 eis
698 667 765 709 sem
809 666 826 708 r
849 644 998 710 fovendis
1019 651 1053 707 et
1078 642 1204 708 alendis
1227 664 1287 729 pro
1300 642 1428 706 viribus

271 733 460 809 enitantur3
489 729 646 819 qnodque
664 666 892 809 scurrilitates,
908 752 1116 817 quaecunque
1131 730 1234 794 verba
1256 727 1429 826 invidiosa.

271 818 515 896 contumeliosa,
545 817 754 895 contentiosa,
785 814 950 895 damnosa,
980 837 1125 895 susurra,
1162 814 1286 901 jurgia,
1317 823 1428 899 turpi·

271 904 395 990 loquis,
416 903 603 980 derisiones,
631 901 794 980 scandala,
817 901 1003 1001 opprobria,
1026 902 1283 988 comparationes
1305 899 1429 964 odiosae

273 991 373 1054 verbo
396 990 448 1054 vel
464 989 560 1069 facte,
585 989 708 1075 quibus
724 987 765 1052 de
784 989 953 1053 vensimili
969 987 1164 1052 commoveri
1183 997 1322 1072 possunt
1341 986 1430 1052 Socii

270 1076 323 1140 vel
338 1075 508 1155 scholares,
524 1097 565 1139 ne
583 1075 793 1162 proferantur
808 1073 942 1160 quidem
957 1085 1017 1138 aut
1037 1074 1080 1138 ab
1105 1095 1163 1138 ore
1184 1080 1262 1161 cuju
1302 1095 1346 1136 ue
1366 1094 1428 1136 ex·

270 1162 766 1248 cidant,neque·intra'nostm1m
781 1160 966 1249 Collegium
980 1182 1087 1246 neque
1100 1170 1205 1237 extra,
1218 1096 1355 1246 publice
1372 1157 1430 1224 vel

270 1248 438 1347 privatim.
464 1246 561 1324 Quod
575 1247 603 1310 si
616 1246 689 1329 quis
704 1247 880 1324 Sociorum,
896 1246 1090 1311 scholarium
1100 1256 1162 1312 aut
1177 1245 1428 1331 discipulorum,

271 1357 304 1400 m
319 1334 496 1420 praemissis
511 1335 564 1397 vel
578 1354 691 1398 eorum
705 1333 818 1420 aliquo
842 1332 1055 1432 probabiliter
1079 1343 1113 1398 et
1129 1332 1340 1397 vehementer
1353 1354 1429 1395 sus-

271 1430 385 1504 pectus
400 1419 578 1484 infamatus
596 1441 654 1482 seu
677 1419 894 1483 intolerabrlis
918 1420 1047 1497 existat,
1064 1428 1099 1482 et
1124 1440 1222 1504 super
1237 1417 1359 1482 eisdem
1376 1417 1428 1483 vel

271 1505 383 1591 aliquo
398 1504 573 1569 eorundem
597 1527 703 1569 coram
718 1503 917 1569 Praesidente
939 1515 1001 1568 aut
1022 1526 1062 1569 eo
1082 1505 1217 1568 absente
1230 1504 1428 1590 Vicepraesi-

271 1591 369 1658 dente
381 1600 417 1655 et
432 1613 499 1655 uno
516 1592 656 1662 Decede,
671 1612 731 1676 per
749 1599 848 1654 testes
863 1588 995 1654 idoneos
1018 1590 1071 1654 vel
1093 1589 1325 1655 confessionem
1348 1612 1427 1676 pro-

294 1679 376 1741 riam
392 1687 452 1741 aut
466 1677 665 1742 evidentiam
680 1675 768 1754 facti,
780 1675 905 1761 judicio
920 1675 1132 1741 Praesidentis
1156 1687 1216 1741 aut
1228 1698 1266 1740 eo
1288 1677 1427 1742 absente

269 1700 555 1849 l'ieepraesidentis
573 1772 608 1828 et
632 1761 731 1826 unius
759 1763 882 1826 Decani
904 1784 982 1826 reus
1004 1762 1203 1834 inveniatur,
1226 1772 1314 1840 tunc,
1339 1785 1428 1848 prae-

269 1850 372 1914 sentis
386 1849 505 1913 statuti
520 1848 642 1934 vigore,
659 1848 766 1933 prima
782 1848 853 1912 vice
872 1868 931 1934 per
954 1849 1180 1934 septimanam,
1196 1847 1341 1913 secunda
1363 1871 1426 1934 per

269 1936 478 2020 quindenam,
504 1935 604 1999 tertia
631 1956 693 2020 per
711 1955 864 2010 mensem,
889 1944 924 1998 et
947 1934 996 1999 ita
1017 1934 1131 2000 deince
1193 1935 1426 2020 proportiona-

269 2022 381 2085 biliter
396 2020 616 2108 aggravando,
631 2019 824 2085 communiis
839 2020 907 2083 suis
922 2030 1030 2085 careat
1043 2020 1115 2106 ipso
1142 2031 1223 2086 acto.
1272 2021 1423 2106 lnsuper,

269 2108 299 2170 si
313 2106 423 2172 delicti
438 2108 491 2172 vel
512 2108 590 2172 faeti
611 2107 754 2194 qualitas
777 2106 813 2169 id
837 2115 998 2191 exposcat,
1021 2117 1062 2171 ut
1086 2107 1120 2170 in
1144 2108 1274 2171 casibus
1293 2107 1426 2172 detrac-

268 2194 366 2256 tionis
381 2195 490 2280 gravis
505 2194 597 2259 etad
609 2195 750 2279 alicujus
766 2191 935 2256 infamiam
948 2193 1155 2277 pertinentis,
1171 2194 1426 2278 comparationis

268 2280 364 2343 valde
379 2280 505 2359 odiosae,
522 2279 771 2365 conspirationis
786 2288 846 2342 aut
859 2279 1081 2343 seminationis
1096 2278 1262 2344 discordia
1284 2302 1339 2342 ma
1385 2304 1425 2358 ae,

268 2366 296 2427 si
320 2366 484 2450 quispiam
508 2367 543 2429 in
567 2366 682 2430 horum
704 2367 817 2451 aliquo
842 2365 1016 2451 deliquisse
1044 2366 1274 2452 praedictorum
1295 2303 1426 2452 judicio

269 2449 535 2536 deprehenditur,
561 2451 588 2514 is
612 2473 671 2536 pro
694 2452 803 2537 prima
826 2452 895 2515 vioe
916 2461 983 2516 tam
1012 2452 1204 2515 communiis
1227 2452 1298 2516 suis
1321 2476 1425 2538 quam

268 2537 424 2621 pensione
436 2558 495 2620 pro
510 2546 584 2601 rata
597 2559 658 2621 per
671 2538 897 2623 septimanam,
913 2560 973 2623 pro
984 2537 1124 2602 secunda
1138 2560 1198 2624 per
1205 2538 1424 2624 quindenam,

292 2643 328 2685 ro
353 2622 454 2686 tertia
475 2636 536 2708 per
557 2645 710 2700 mensem,
725 2633 836 2688 careat
859 2624 930 2709 ipso
948 2622 1041 2688 facto.
1088 2624 1186 2700 Quod
1207 2626 1235 2687 si
1249 2636 1368 2710 quarto
1387 2626 1425 2689 in

267 2643 383 2771 iiorum
398 2707 517 2792 aliquo,
529 2707 656 2793 judicio
673 2708 892 2783 Praesidentis,
907 2709 1201 2795 Vicepraesidentis,
1214 2710 1425 2777 Decanorum

268 2802 302 2855 ot
318 2792 601 2879 Dispensatorum,
617 2794 670 2857 vel
685 2795 894 2860 Praesidentis
908 2806 943 2861 et
963 2796 1095 2881 maj0ris
1109 2798 1215 2881 partis
1229 2798 1422 2879 eorundem,

265 2877 414 2967 legitime
443 2880 611 2945 convictus
640 2881 752 2958 filerit,
777 2882 886 2966 ipsum
909 2892 1071 2967 perpetuo
1097 2884 1266 2948 exclusum
1290 2894 1325 2949 et
1353 2886 1423 2971 pri-

267 2976 380 3029 vatum
395 2966 464 3051 ipso
479 2964 566 3029 facto
590 2975 736 3031 anostro
756 2965 914 3053 Collegio,
931 2968 1024 3031 nulla
1048 2968 1117 3032 alia
1138 2969 1316 3034 monitione
1336 2994 1423 3057 prae-

265 3052 373 3131 missa,
388 3055 511 3116 virtute
535 3052 702 3138 praesentis
719 3052 839 3116 statuti
859 3052 1072 3119 decernimus.
1118 3055 1318 3135 Statuentes,
1338 3081 1421 3144 prae-

251 3146 364 3217 ·terea,
380 3137 467 3224 quod
483 3138 510 3201 si
526 3139 639 3224 aliqua
660 3137 836 3217 discordiae,
853 3141 918 3218 irae,
934 3141 1012 3205 rixae
1037 3150 1097 3205 aut
1114 3140 1333 3221 dissensionis
1350 3166 1420 3208 ma·

267 3224 361 3312 teria,
377 3224 465 3310 quod
477 3226 581 3290 absit!
604 3224 739 3289 indicto
757 3225 903 3312 Collegio
917 3228 1053 3290 suborta
1068 3227 1113 3293 sit
1132 3228 1420 3315 qualitercunque,

265 3309 352 3374 inter
367 3333 576 3397 quoscunque
590 3311 762 3391 scholares,
780 3313 899 3386 Socios,
915 3323 973 3376 aut
988 3313 1070 3376 alios
1085 3316 1118 3377 in
1134 3325 1245 3378 nostro
1269 3316 1420 3403 Collegio

266 3406 442 3475 morantes,
457 3398 520 3461 nisi
535 3399 580 3461 sio
594 3396 818 3462 dissentientes
842 3399 930 3464 intra
946 3421 1049 3462 unum
1063 3399 1151 3464 diem
1175 3401 1262 3465 inter
1285 3424 1320 3465 se
1343 3426 1419 3467 con-

264 3481 409 3559 cordent,
427 3493 505 3546 tuno
520 3484 667 3562 celerius,
684 3485 812 3548 cautius
827 3495 861 3549 et
880 3485 1007 3563 melius,
1025 3508 1090 3569 quo
1113 3487 1186 3551 fieri
1209 3488 1342 3574 poterit,
1358 3513 1420 3575 per

200 3641 202 3648 Α
268 3566 511 3644 Praesidentem,
532 3569 687 3648 Decanos,
704 3569 768 3632 Dis
793 3581 958 3635 cusatores
973 3582 1008 3637 et
1028 3572 1109 3638 alios
1128 3596 1187 3659 per
1200 3597 1281 3657 quos
1299 3576 1420 3641 melius

265 3650 434 3715 videbitur
449 3652 613 3739 expedire,
631 3655 716 3718 intra
731 3593 869 3719 biduum
886 3657 1019 3723 sedetur
1042 3667 1075 3723 et
1097 3660 1286 3744 pacificetur
1300 3660 1418 3748 hujus-

264 3736 354 3800 modi
370 3737 535 3802 dissensio.
579 3740 616 3802 Si
630 3761 707 3803 vero
722 3740 787 3826 ipsi
810 3741 853 3806 ad
875 3764 947 3807 eam
967 3744 1144 3809 sedandam
1160 3769 1224 3812 non
1243 3748 1417 3829 sufficiant,

265 3832 343 3886 tuno
366 3824 555 3898 Praesidens,
576 3838 741 3914 assumpto
764 3828 828 3891 sibi
851 3830 1135 3915 Vicepraesidente,
1159 3832 1312 3911 Draconis
1338 3835 1419 3899 Dis·
1487 3869 1494 3910 ς

264 3910 489 3995 pensatorihus
505 3922 539 3975 et
553 3912 627 3976 aliis
641 3913 751 3991 Sociis,
762 3937 821 4000 per
834 3938 916 3999 quos
932 3917 1151 3983 verisimiliter
1160 3918 1270 3983 sedari
1280 3923 1417 4019 poterit,

264 3998 438 4062 summarie
453 4007 486 4062 et
503 3998 545 4062 de
559 3998 656 4086 plano
670 4022 742 4064 eam
758 4002 931 4081 examinet,
948 4003 1058 4087 sicque
1068 4005 1139 4067 finis
1153 4005 1332 4085 discordrae,
1349 4008 1416 4087 irae,

210 4122 212 4126 ·
262 4082 457 4148 dissensioni
472 4096 506 4149 et
516 4086 628 4172 jurgio
641 4085 839 4173 hujusmodi,
855 4089 975 4169 favore,
987 4090 1200 4178 partialitate,
1218 4092 1276 4173 ira,
1289 4093 1366 4158 odio
1380 4107 1419 4160 et

263 4168 399 4247 invidia,
409 4170 654 4255 quibuscunque
669 4175 880 4253 cessantibus,
898 4176 985 4241 intra
1008 4187 1075 4240 tres
1089 4176 1160 4241 dies
1172 4178 1302 4263 lapsum
1322 4180 1417 4253 illius

264 4252 360 4316 bidui
379 4256 567 4321 immediate
591 4271 771 4341 sequentes,
788 4271 939 4345 ponatur.
984 4262 1033 4325 Et
1058 4263 1212 4346 quioquid
1236 4265 1419 4331 Praesidens

180 4386 184 4399 ,.
264 4358 336 4400 cum
353 4342 515 4423 praedietis
532 4343 665 4409 duxerit
678 4346 896 4410 ordinandum
910 4358 946 4411 et
960 4346 1134 4433 agendum,
1145 4371 1204 4433 per
1223 4363 1335 4434 partes
1348 4353 1417 4417 dis·

261 4422 431 4487 cordantes
453 4427 591 4492 firmiter
614 4430 648 4493 in
672 4431 795 4496 virtute
818 4454 930 4496 eorum
948 4433 1129 4517 juramenti
1151 4434 1357 4519 observetur,
1382 4451 1419 4505 et
