3000 4700
267 231 402 298 Statates
415 238 454 318 qt
467 234 585 320 corpas
603 233 724 299 Christi
740 235 866 322 calleyo,
886 239 1014 324 Oqford.
1159 239 1219 304 115

59 400 284 485 nonamplius
299 425 308 478 3
322 421 362 466 ea
383 403 484 466 etiarn
499 402 697 480 conditione,
715 410 766 481 ut,
790 426 864 468 cum
885 406 1029 490 primum
1052 406 1218 474 commode

58 487 196 634 ffitefilt’
221 487 420 552 restituatur
445 498 480 552 et
509 498 691 575 reponatur
719 488 835 554 eadem
866 512 994 556 summa
1022 492 1152 576 integre
1184 500 1218 557 et

109 593 127 633 e
171 593 213 634 er.

105 741 258 807 Tametsi
272 741 313 806 de
328 745 427 809 variis
448 745 538 809 cistis
563 767 665 832 supra
687 746 905 825 meminimus,
924 745 975 810 hic
997 755 1108 812 tamen
1133 748 1211 836 adji-
1225 749 1326 810 smptus
1343 765 1381 799 re-

1273 824 1290 855 u

58 825 217 892 ciendum
232 829 527 914 declarandamque
542 854 608 896 non
623 833 742 896 inutile
756 833 991 912 existimamus,
1003 833 1213 899 decernentes
1225 823 1273 913 {2¹0¹
1291 824 1341 916 ΞΜ

1315 810 1344 857 of

1354 873 1380 915 to

1319 929 1350 974 ed

1313 999 1345 1044 Pfl

60 923 98 975 ut
112 913 263 979 redditus
276 917 456 1001 superioris
470 918 547 981 anni
560 941 627 982 non
642 919 911 983 commisceantur
926 941 1000 982 cum
1025 919 1212 985 redditibus
1225 882 1319 996 peplos

60 999 139 1061 anni
150 999 316 1075 instantis,
329 1005 431 1067 sedin
443 1004 541 1066 variis
555 1011 722 1090 ponantur
733 1005 832 1078 cistis,
847 1013 886 1069 ut
895 1005 1021 1091 possint
1032 1005 1212 1072 praesidens
1224 998 1278 1088 {¹}ss
1286 999 1356 1090 {im}

59 1092 96 1147 et
120 1084 206 1150 Socii
219 1087 404 1153 discernere
417 1090 504 1153 inter
517 1091 687 1174 utriusque
701 1090 779 1153 anni
793 1099 925 1166 statum,
939 1089 1087 1174 nihilque
1102 1101 1211 1160 extra·
1225 1100 1382 1149 fromthstof

60 1169 141 1233 hant
156 1181 214 1236 aut
225 1173 415 1258 expendant
426 1175 469 1240 de
484 1177 567 1240 cista
576 1175 745 1261 praesentis
759 1177 837 1240 anni
848 1177 881 1240 in
892 1173 1018 1254 eodem,
1034 1176 1091 1240 scd
1106 1177 1212 1243 solum
1224 1159 1363 1278 ζῗξοζῇῗζε

59 1255 104 1319 de
120 1258 202 1321 cista
215 1259 428 1345 precedentis
440 1263 531 1326 anni.
579 1261 738 1344 Quodque
762 1262 952 1326 remanserit
1024 1271 1055 1326 st
1072 1263 1210 1350 Dispen-

60 1349 206 1406 satorum
213 1356 403 1431 computum
418 1350 450 1410 in
468 1346 613 1411 illacista
621 1345 835 1434 praeocdentis
847 1349 935 1427 anni,
945 1284 1049 1412 veliu
1060 1351 1213 1416 manibus

61 1427 350 1515 Dispensatorum,
366 1433 508 1497 fideliter
520 1432 717 1519 perducatur
732 1434 776 1498 ad
784 1435 913 1513 turrim,
926 1442 959 1499 et
975 1434 1165 1501 includatur
1178 1437 1212 1500 in

62 1513 257 1599 placitorum
271 1518 362 1598 cista,
377 1520 430 1582 uti
443 1519 664 1606 praediximus.

105 1686 163 1751 Ad
186 1688 254 1778 haec
278 1689 483 1774 exploratum
507 1690 667 1754 habemus
688 1690 850 1754 nonnulla
868 1691 994 1774 insequi
1008 1690 1214 1756 incommoda

61 1781 96 1836 ot
116 1777 315 1858 quandoque
338 1776 617 1862 ingurgitationes
636 1776 672 1839 iu
688 1775 807 1840 diebus
829 1777 1061 1853 Sabbatorum,
1075 1800 1149 1842 cum
1171 1801 1213 1842 ex
1225 1795 1348 1855 snumay

59 1859 130 1922 suis
144 1871 274 1924 coenent
288 1862 456 1947 impensis,
471 1870 698 1926 concurrentes
720 1863 755 1926 in
779 1863 871 1925 varia
885 1863 1034 1927 cubicula
1051 1870 1085 1926 et
1102 1887 1212 1928 coenas
1224 1867 1334 1913 suppen.

60 1947 96 2008 iu
132 1944 267 2032 longum
296 1948 535 2032 protrahentes.
581 1945 736 2025 Proinde,
771 1946 847 2011 huic
876 1948 1083 2012 incommodo
1112 1949 1212 2014 immo

60 2029 217 2118 contagio
239 2036 296 2116 (ne
319 2035 461 2119 amplius
483 2034 622 2120 inficiat)
648 2034 823 2098 subvenire
839 2036 1019 2119 cupientes,
1036 2035 1214 2100 statuimus

59 2126 97 2180 et
113 2117 174 2180 hoc
190 2118 320 2182 decreto
338 2119 541 2184 decernimus
556 2128 603 2197 ut,
619 2127 715 2184 extra
730 2118 1020 2204 Quadragesimale
1034 2126 1166 2204 tempus
1181 2127 1215 2186 et

62 2204 246 2268 Sabbatum
262 2205 462 2291 praecedens,
482 2205 786 2292 singulisSabbatis
796 2205 919 2286 quibus
934 2205 978 2268 ab
995 2205 1144 2269 Ecclesia
1158 2214 1217 2270 aut

61 2292 299 2356 consuetudins
326 2295 509 2379 approbata
532 2314 597 2356 non
620 2289 778 2356 indicitur
798 2290 972 2377 jejunium,
995 2289 1160 2377 publicam
1182 2294 1216 2357 iu

61 2377 144 2441 aula
157 2377 303 2443 habeant
315 2401 453 2456 coenam,
468 2388 669 2464 praecantata
685 2376 883 2463 symphonia
897 2377 938 2443 de
960 2377 1064 2442 Beata
1080 2376 1218 2464 Virgine

59 2486 137 2527 curn
154 2466 289 2542 caeteris,
307 2472 346 2528 ut
359 2465 550 2550 praedictum
562 2474 627 2542 est,
640 2474 857 2549 praeterquam
871 2465 1050 2549 potatione.
1096 2463 1138 2529 In
1153 2488 1218 2548 qua

61 2572 165 2627 coena,
189 2550 342 2615 volumus
366 2560 406 2614 ut
429 2573 490 2637 pro
514 2550 653 2637 singulis
673 2550 709 2612 in
732 2549 840 2635 primo
860 2549 973 2613 ordine
998 2550 1033 2613 in
1058 2572 1099 2614 ea
1121 2573 1218 2615 coena

62 2636 281 2723 praesentibus
295 2659 353 2700 nec
362 2636 603 2722 Jejunantibus,
616 2646 737 2722 praeter
745 2656 865 2721 panem
875 2644 910 2698 et
921 2645 1049 2720 potum,
1058 2636 1217 2702 allocetur

61 2742 149 2784 unus
158 2721 314 2786 denarius
324 2722 484 2808 Anglicus
495 2744 554 2807 pro
562 2721 644 2795 cibo,
655 2730 691 2784 et
699 2743 865 2803 nunquam
878 2721 1019 2807 amplius
1033 2746 1043 2799 3
1056 2744 1119 2808 pro
1131 2722 1217 2788 Prae·
1248 2768 1249 2771 =

60 2807 195 2871 sidente
210 2811 356 2892 quatuor
368 2807 510 2872 denarii.
541 2809 605 2872 Pro
620 2806 762 2893 singulis
773 2828 850 2871 vero
866 2808 897 2869 in
914 2808 1056 2871 secundo
1070 2816 1104 2871 et
1119 2810 1217 2873 tertio

60 2894 243 2973 ordinibus,
260 2898 317 2973 qui
330 2902 509 2980 presentes
520 2892 644 2957 fuerint
658 2915 717 2956 nec
727 2892 957 2978 jejunaverint,
969 2902 1217 2980 presterpanem

58 2989 98 3045 et
105 2989 234 3066 potum,
246 2981 424 3045 allocentur
434 2980 557 3066 singuli
568 2979 655 3043 oboli
663 3000 725 3064 pro
737 2980 820 3055 cibo,
833 2987 867 3043 et
882 2999 1054 3061 nunquam
1063 2979 1216 3064 amplius,

60 3074 320 3149 quantacunque
342 3066 441 3130 fuerit
466 3068 605 3129 annonae
627 3064 758 3130 caritas.
804 3064 945 3148 Fiatque
958 3063 1099 3149 singulis
1115 3064 1216 3149 septi·

62 3152 172 3216 manis
194 3153 315 3237 quibus
341 3173 439 3225 coena
458 3150 650 3235 hujusmodi
670 3150 827 3228 evenerit,
851 3148 1002 3233 privatim
1028 3156 1063 3212 et
1090 3170 1148 3234 per
1169 3172 1216 3227 se,

60 3251 237 3326 computus
254 3238 295 3302 de
309 3237 463 3324 expensis
477 3238 511 3300 in
527 3237 585 3301 illa
597 3257 693 3300 coena
707 3258 767 3321 per
780 3236 1031 3319 Dispensatores
1047 3241 1082 3298 et
1097 3235 1215 3299 Senes·
1254 3256 1256 3261 ·

60 3324 195 3400 callum,
219 3326 480 3409 adjungaturque
505 3324 540 3387 in
564 3323 833 3407 Dispensatorum
855 3327 1009 3405 computo
1026 3322 1217 3407 septimana
1310 3356 1312 3359 ·

61 3411 97 3473 in
112 3407 178 3491 qua
193 3410 355 3474 acciderit.
400 3409 449 3473 Et
474 3407 560 3473 hanc
581 3430 709 3473 coenam
733 3406 863 3471 tamdiu
876 3405 1062 3471 continuari
1084 3408 1216 3490 permit·

63 3496 168 3559 timus
189 3494 351 3580 quamdiu
374 3494 535 3559 sufficiant
561 3494 665 3558 annui
687 3493 846 3557 redditus.
891 3491 1051 3556 Volumus
1074 3494 1163 3557 euim
1177 3502 1217 3558 ut

63 3582 159 3668 prius
187 3584 355 3647 minuatur
381 3592 415 3647 et
439 3581 614 3644 omittatur
628 3579 770 3665 penitus,
793 3600 893 3661 quarn
914 3577 1078 3643 decrescat
1099 3579 1218 3665 aliquis

63 3690 221 3733 numerus
235 3676 312 3732 ante
327 3691 348 3732 a
362 3666 458 3732 nobis
473 3667 671 3752 assignatus

7 3841 29 3886 t.
111 3839 270 3913 l'raeclare
286 3838 457 3903 admonuit
472 3836 556 3901 illud
572 3834 770 3922 Delphicum
784 3836 963 3914 oraculum,
980 3843 1000 3874 “
1010 3836 1042 3899 N
1045 3858 1118 3901 osce
1130 3838 1212 3921 teip-

63 3924 171 3989 sum.”
216 3926 271 3988 Ne
285 3948 365 4011 ergo
380 3934 491 3988 nostra
495 3928 655 4010 juventus
670 3924 734 3986 alia
748 3923 830 3986 scire
845 3930 1005 4009 expetens
1017 3923 1068 3985 sui
1083 3922 1209 3985 oblivis·
1223 3918 1368 4024 ffssfgfllna

63 4020 167 4087 catur,
179 4012 355 4075 statuimus
370 4018 405 4074 et
414 4010 614 4075 decernimus
630 4015 667 4072 ut
678 4008 906 4091 unusquisque
920 4009 1045 4084 Socius,
1056 4008 1211 4071 scholaris
1221 3991 1375 4097 fflffil,

7 4157 9 4162 ⁴
61 4098 100 4161 in
111 4096 438 4183 bienniprobatione,
450 4095 642 4182 discipulus,
656 4095 799 4170 clericus,
813 4094 956 4158 chorista
972 4101 1030 4157 aut
1038 4094 1212 4167 convictor,

63 4205 131 4247 non
148 4183 307 4252 sacerdos,
322 4183 492 4266 quinquies
505 4181 540 4245 in
557 4203 652 4259 anno,
672 4180 702 4243 si
711 4180 764 4243 his
779 4180 983 4266 temporibus
999 4177 1087 4242 domi
1102 4178 1212 4251 fuerit,

8 4305 21 4326 ω
65 4267 422 4334 sacerdotiintraCollc
445 4268 511 4331 ium
522 4289 582 4330 sua
592 4267 785 4330 confiteatur
794 4266 945 4343 crimina;
958 4264 1214 4339 videlicet,intra

64 4363 206 4439 quatuor
227 4354 296 4425 dies
321 4363 400 4419 ante
418 4291 719 4437 &usdragesimam
739 4360 817 4427 ante
835 4351 972 4427 Pascha,
992 4356 1069 4414 ante
1090 4351 1212 4427 Pente·

7 4446 19 4483 ³
63 4450 188 4516 costen,
228 4449 305 4506 ante
333 4438 739 4604 Assumptionerqlquatae
764 4437 879 4528 Maria
901 4437 1051 4523 Virginis
1062 4446 1108 4591 2et
1137 4426 1223 4502 ant'e'
1419 4468 1464 4483 Δ·
1492 4480 1494 4482 -

650 4572 657 4587 ·
1033 4540 1045 4587 r
