3000 4700
1 4178 112 4242 're

271 220 417 314 ¹›S'tntntes
430 225 470 306 of
482 221 600 305 Corpus
618 222 735 286 Christi
753 222 878 310 Collepc
897 227 1026 311 chord.
1181 227 1224 290 29

73 381 206 468 generis
222 383 264 446 ad
281 405 397 469 genus,
416 385 595 448 nobilitatis
616 385 658 449 ad
674 385 880 452 nobilitatem
897 390 948 451 vel
972 390 1221 473 ignobilitatem,

71 489 133 532 seu
156 469 238 532 alias
253 470 499 557 qualescunque
515 474 772 556 comparationes
793 495 869 560 quas
884 475 1005 539 odiosae
1020 485 1106 555 sunt,
1122 478 1222 541 verbo

72 554 127 617 vel
143 554 230 619 facto
250 557 376 635 faciam,
393 579 490 620 causa
504 557 722 622 commovendi
747 560 906 625 malitiose
930 561 1047 640 Socios,
1062 562 1223 628 scholares

71 662 133 704 seu
148 641 321 706 facultates
339 642 572 708 Universitatis
583 643 762 728 praedictae,
778 647 877 710 tacite
890 646 942 710 vel
954 669 1116 735 expresse,
1133 651 1220 735 pub-

71 726 134 790 lice
149 727 202 789 vel
217 728 352 792 occulte.
394 729 489 807 Item,
505 729 595 815 quod
609 729 701 794 nnlla
713 732 946 811 conventicula,
961 735 1221 820 conspirationes,

73 812 367 880 confoederationes
378 838 437 880 seu
447 817 611 901 pactiones
626 816 761 902 aliquas,
772 819 860 880 intra
876 841 1013 904 regnum
1027 821 1160 906 Angliae
1170 823 1222 886 vel

74 913 179 978 extra,
203 908 315 965 contra
336 909 461 966 statuta
474 901 574 987 hujus
590 902 740 987 Collegit,
758 902 812 966 vel
833 912 945 968 contra
966 906 1070 990 ipsius
1085 914 1220 985 statum,

74 984 283 1050 commodum
299 988 352 1051 vel
374 986 541 1068 honorem,
558 996 615 1052 ant
638 999 748 1052 contra
771 988 1016 1069 Praesidentem‚
1032 990 1222 1075 Vicepraesi-

75 1069 210 1135 dentem
226 1073 279 1136 vel
295 1073 375 1137 alios
389 1073 534 1158 ejusdem
552 1073 700 1160 Collegii,
717 1074 827 1139 illicite
849 1077 971 1154 faciam,
988 1078 1038 1140 rel
1060 1080 1130 1161 ipsa
1153 1079 1223 1142 fieri

74 1159 259 1242 procurabo
281 1181 339 1223 seu
357 1161 546 1245 permittam
570 1161 612 1224 ab
635 1161 706 1223 aliis
729 1161 810 1239 fieri,
826 1170 986 1247 quantum
1002 1164 1034 1225 in
1050 1163 1221 1244 meinent,

75 1265 137 1307 nec
166 1244 361 1309 facientibus
387 1247 460 1330 ipsa
489 1245 574 1309 dabo
600 1246 780 1325 consilium,
807 1248 965 1311 auxilium
993 1250 1044 1311 vel
1070 1249 1222 1313 favorem.

74 1328 174 1410 Item,
191 1335 279 1416 quod
293 1331 396 1395 fidelis
420 1354 524 1395 croac
538 1331 679 1416 diligens
695 1333 726 1394 in
743 1355 939 1419 quocunque
953 1333 1056 1400 officio
1069 1335 1150 1398 mibi
1168 1336 1223 1400 de-

74 1417 238 1499 putando,
255 1418 405 1503 illudque
422 1439 493 1482 cum
509 1417 689 1503 deputatus
704 1418 797 1482 fuero
811 1418 993 1498 admittam,
1014 1432 1048 1485 et
1062 1431 1222 1507 quantum

74 1515 194 1585 potero
208 1502 349 1567 fideliter
364 1503 560 1588 adimplebo.
608 1505 653 1567 Et
667 1503 709 1567 de
725 1505 895 1592 discipulis
910 1528 947 1569 ac
965 1505 1163 1571 scholaribus
1180 1508 1222 1571 ad

75 1590 245 1668 biennium
272 1591 474 1672 probationis
500 1589 672 1672 eligendis,
700 1611 826 1654 necnon
846 1591 1057 1656 admittendis
1080 1594 1113 1655 in
1129 1615 1223 1657 veros

73 1675 183 1740 Socios
193 1675 340 1758 ejusdem
354 1675 506 1760 collegii,
517 1675 613 1739 fidele
624 1675 803 1748 consilium,
816 1679 903 1743 omni
912 1678 1031 1750 favore,
1041 1677 1221 1753 affcctione,

73 1761 184 1846 pretio
205 1771 241 1825 et
257 1753 434 1831 commodo,
458 1770 534 1847 post
559 1762 658 1830 ositis.
675 1763 816 1825 tribuam
833 1771 866 1826 et
888 1763 1095 1849 impendam;
1119 1773 1158 1828 ut
1181 1764 1222 1829 de

74 1847 172 1908 bonis
181 1849 338 1932 personis,
349 1849 457 1922 castis,
469 1783 630 1923 modestis,
644 1847 801 1918 honestis,
813 1851 908 1933 aptis,
919 1860 954 1913 ct
965 1849 1008 1912 ad
1021 1849 1221 1915 studendum

73 1941 108 1995 et
125 1933 362 2018 proficiendum
376 1935 410 1997 in
426 1937 551 1997 actibus
571 1932 767 1996 scholasticis
789 1933 952 1998 habilibus
976 1945 1011 1999 et
1034 1935 1172 2014 idoneis,
1188 1960 1224 2000 ac

73 2019 177 2082 ctiam
203 2021 353 2103 proficere
374 2019 568 2090 volentibus,
585 2041 708 2082 necnon
725 2022 825 2103 juxta
847 2029 982 2083 caeteras
996 2021 1175 2105 qualitates
1189 2032 1224 2086 et

73 2105 334 2170 circumstantias
350 2107 383 2169 in
397 2107 518 2170 nostris
532 2106 665 2168 statutis
679 2103 858 2188 descriptas
872 2105 1072 2189 eligibilibus
1088 2129 1125 2168 ac
1139 2129 1223 2192 prae-

74 2190 232 2267 ferendis,
247 2200 410 2277 quantum
434 2193 466 2254 in
493 2213 543 2254 me
565 2190 674 2261 fucrit,
690 2190 908 2275 provideatur
922 2190 1046 2264 eidem;
1070 2214 1129 2254 nec
1151 2193 1225 2256 aliis

74 2299 178 2365 quam
195 2278 353 2363 praedicto
368 2276 465 2341 modo
480 2276 687 2363 eligibilibus,
698 2275 827 2340 idoneis
841 2291 871 2338 et
886 2277 1106 2362 praefercndis,
1121 2281 1224 2342 sciens

74 2373 108 2427 et
125 2365 273 2450 prudens
288 2364 499 2451 quovismodo
513 2366 546 2426 in
563 2386 601 2427 ea
618 2385 654 2427 re
670 2362 885 2449 suffragabor.
931 2364 1095 2450 Quodque
1110 2377 1225 2430 contra

74 2449 248 2514 dominum
261 2452 458 2537 Episcopum
470 2450 733 2526 wintoniensem,
749 2450 806 2535 qui
818 2472 877 2536 pro
888 2458 1033 2535 tempore
1043 2452 1151 2516 fuerit.
1164 2463 1224 2516 aut

74 2537 243 2601 ecclesiam
267 2538 449 2601 Prioremve
475 2545 534 2600 aut
554 2535 745 2622 Capitulum
761 2536 1031 2615 Wintoniensem,
1057 2538 1090 2600 in
1112 2538 1224 2623 aliqua

75 2645 177 2687 causa
190 2624 297 2709 ipsam
314 2622 480 2687 ecclesiam
496 2631 714 2700 concernente,
727 2622 865 2685 scienter
880 2632 914 2687 et
928 2624 1088 2687 exanimo
1099 2624 1221 2688 delibe-

76 2718 161 2787 rato,
185 2712 217 2772 in
243 2709 400 2773 damnum
423 2715 458 2773 et
477 2708 628 2791 injuriam
649 2706 796 2794 ejusdem
819 2708 981 2795 Episcopi,
1003 2710 1144 2775 ecclesiae
1164 2718 1224 2775 aut

1 2836 2 2839 =
77 2795 238 2880 Capituli,
252 2817 318 2859 non
335 2796 421 2860 dabo
437 2793 619 2873 consilium,
630 2793 786 2856 auxilium
804 2794 856 2857 vel
871 2795 1024 2873 favorem,
1039 2818 1136 2859 causa
1150 2820 1224 2861 mea

75 2884 211 2967 propria
222 2890 256 2945 et
266 2881 363 2966 hujus
375 2881 516 2965 Collegii
526 2879 685 2942 duntaxat
701 2880 854 2965 exceptis.
885 2882 978 2960 Item,
988 2884 1075 2968 quod
1085 2905 1150 2946 non
1161 2884 1222 2947 im-

75 2968 218 3054 petrabo
234 2967 510 3053 dispensationem
522 2966 664 3048 aliquam
679 2973 792 3029 contra
802 2972 991 3051 juramenta
1005 2989 1080 3031 mea
1091 2968 1144 3031 vel
1158 2977 1222 3032 ata-

76 3063 153 3119 tuta
191 3053 336 3133 raedicta,
351 3052 403 3117 vel
419 3062 532 3117 contra
547 3052 689 3134 aliquam
704 3053 895 3136 particulam
912 3053 945 3115 in
963 3052 1010 3116 eis
1025 3059 1222 3133 contentam,

76 3162 138 3205 nec
154 3076 433 3226 dispensationem
456 3138 643 3223 hujusmodi
659 3158 719 3223 per
739 3138 838 3200 aliurn
858 3138 909 3200 vel
927 3138 1007 3201 alios
1026 3137 1156 3223 publice
1170 3141 1224 3203 vel

76 3227 203 3292 occulte
217 3226 387 3312 impetrari
401 3226 453 3287 rel
468 3224 607 3288 obtineri
621 3224 810 3307 procurabo,
834 3221 957 3287 directe
981 3224 1034 3285 vel
1057 3222 1221 3289 indirecte.

78 3313 126 3376 Et
141 3314 170 3376 si
184 3313 293 3376 forsan
317 3312 457 3396 aliquam
477 3310 754 3395 dispensationem
777 3310 960 3394 hujusmodi
981 3309 1150 3395 impetrari
1169 3310 1224 3375 vel

1 3430 2 3441 κ
77 3400 184 3485 gratis
206 3397 337 3461 concedi
350 3399 402 3461 vel
420 3398 543 3482 acquiri
564 3394 746 3481 contigerit,
762 3396 982 3479 cujuscunque
995 3394 1094 3457 fuerit
1114 3404 1223 3461 aucto·

76 3485 200 3563 sitatis,
213 3507 272 3549 seu
287 3482 486 3570 generaliter
500 3504 561 3546 seu
573 3480 769 3567 specialiter,
785 3487 842 3543 aut
857 3480 937 3542 alias
952 3482 1014 3545 sub
1028 3502 1223 3569 quacunque

77 3570 184 3635 forma
195 3571 365 3635 verborum
376 3590 536 3646 concessa,
546 3590 585 3631 ea
594 3589 657 3631 non
668 3573 743 3629 utar
751 3587 812 3629 nec
823 3564 928 3630 eidem
937 3568 1135 3631 consentiam
1144 3591 1223 3655 quo·

76 3655 236 3721 rismodo.
260 3656 356 3726 Item,
365 3658 439 3741 juro
449 3654 539 3740 quod
547 3675 613 3717 non
622 3653 796 3737 resignabo
804 3652 1001 3717 Societatem
1013 3675 1129 3734 meam,
1141 3679 1224 3722 mer·

77 3743 158 3809 cede
178 3753 235 3807 aut
250 3744 356 3830 pretio
370 3744 455 3811 dato,
471 3740 588 3815 soluto,
604 3740 763 3825 promisso
781 3747 840 3803 aut
853 3749 1036 3823 expectato,
1052 3741 1223 3820 adductus,

77 3839 137 3895 aut
152 3831 216 3894 sub
232 3838 327 3915 pacto
343 3829 453 3912 aliquo
468 3826 703 3911 qualicunque;
720 3823 780 3888 sed
795 3825 822 3887 si
838 3825 1020 3912 relinquam
1036 3838 1154 3913 sponte
1169 3829 1222 3893 de·

77 3916 204 3993 cedam,
222 3915 323 3979 libere
337 3924 370 3979 et
388 3913 549 3985 absolute,
564 3912 691 3995 integer
706 3918 739 3973 et
755 3911 797 3974 ab
811 3912 899 3975 omni
913 3913 1055 3975 muneris
1071 3921 1129 3976 aut
1142 3937 1224 3978 mer-

18 4038 23 4045 ·
76 4001 167 4069 cedis
183 4001 355 4079 solutione,
372 3999 515 4076 datione,
529 3997 764 4084 pollicitatione
788 4019 847 4060 seu
869 4000 1103 4084 expectatione,
1121 3999 1224 4062 incor-

76 4114 115 4156 ru
141 4098 206 4154 tus.
259 4086 317 4164 Et,
333 4088 360 4150 si
389 4085 555 4169 contingat
579 4105 631 4147 me
657 4082 802 4167 posthac,
830 4091 965 4169 propter
992 4092 1223 4169 contemptum,

113 4113 301 4249 deltonem,
311 4170 580 4245 inobedientiam,
592 4169 694 4232 malos
710 4190 815 4232 mores
826 4168 876 4232 vel
891 4168 958 4231 alia
969 4190 1042 4231 mca
1052 4168 1222 4250 demerita,

78 4285 136 4329 sen
151 4270 284 4349 propter
299 4281 414 4323 causas
428 4259 462 4320 in
477 4256 699 4341 praesentibus
714 4254 847 4317 statutis
860 4262 1043 4333 contentas,
1058 4276 1118 4342 per
1138 4256 1222 4322 Prae-

77 4350 240 4415 sidentem
257 4355 313 4410 aut
329 4346 410 4408 alios
432 4346 466 4407 in
488 4340 675 4427 hujusmodi
689 4338 849 4403 habentes
871 4341 1037 4418 interesse,
1053 4342 1174 4425 corrigi
1188 4352 1222 4407 et

76 4436 199 4523 puniri,
213 4444 272 4497 aut
286 4456 304 4494 a
319 4432 395 4493 dicti
413 4429 552 4514 Collegii
566 4426 806 4491 sustentatione
819 4434 852 4487 et
867 4425 1028 4489 Societate
1042 4427 1220 4491 secundum

76 4526 214 4588 formam
236 4524 429 4582 statutorum
446 4515 514 4599 ejici
529 4522 563 4576 et
576 4511 706 4598 expelli,
726 4510 865 4585 excludi,
888 4511 1007 4595 privari
1020 4518 1055 4575 et
1069 4516 1221 4590 amoveri,
