3000 4700
242 205 303 269 104
441 209 576 275 &aaa
590 206 758 293 ‹ascospss
777 207 896 273 Christi
915 208 1040 292 Colleye,
1061 209 1188 290 Orford.

239 375 428 458 alemquem
443 375 574 442 duxerit
586 376 833 461 deputandum
847 386 1061 464 praeterquam
1074 398 1135 461 per
1148 373 1391 438 Cancellarium

242 461 478 526 Universitatis
493 485 553 526 seu
568 469 638 549 ejus
654 463 922 527 Commissarium
941 464 1140 548 generalem,
1158 484 1215 524 seu
1233 461 1393 524 Procura·
1487 524 1489 530 ,

241 559 328 611 tores
347 549 578 612 Universitatis
591 549 724 628 Oxonii,
740 559 775 612 et
791 559 1009 634 praeterquam
1020 569 1079 633 per
1095 548 1166 611 illos
1178 547 1290 631 quiex
1303 547 1393 610 dicto

239 643 353 699 nostro
370 634 518 719 Collegio
542 657 598 717 pro
623 635 732 716 aliquo
746 637 878 700 crimine
899 644 955 698 aut
970 634 1090 698 delicto
1109 635 1209 698 amoti
1229 643 1316 711 sunt,
1334 643 1394 697 aut

244 720 440 785 amotionem
452 720 644 807 hujusmodi
655 722 825 804 fugientes
835 729 1046 799 recesserunt,
1057 743 1093 784 ac
1105 730 1323 806 praeterquam
1332 741 1395 805 per

244 807 481 872 Prasidentem
507 819 564 871 aut
586 809 727 889 aliquam
747 830 919 892 personam
944 808 1047 870 nostri
1065 806 1215 892 Collegii,
1236 815 1291 868 aut
1309 806 1393 869 alios

245 916 454 977 quoscunque
469 894 502 956 in
514 893 739 957 Universitate
754 915 813 979 per
823 917 920 958 unam
930 893 1128 977 quindenam
1140 913 1227 956 anno
1242 893 1392 977 proximo

247 1003 319 1043 eam
343 980 574 1044 visitationem
603 978 809 1066 precedente
837 979 1015 1054 studentes,
1039 989 1071 1041 et
1095 989 1307 1065 praeterquam
1331 1000 1394 1063 per

150 1117 155 1124 .
246 1067 415 1151 religiosos
438 1066 688 1149 qualescunque,
703 1066 977 1151 praedictorumve
995 1067 1146 1147 aliquem,
1172 1073 1230 1126 aut
1252 1086 1392 1127 consan-
1487 1117 1489 1150 3

295 1153 406 1216 ineum
425 1152 562 1238 alicujus
587 1152 668 1215 Socii
693 1154 794 1215 nostri
820 1152 981 1237 collegii;
1005 1151 1048 1216 ad
1071 1153 1142 1238 ejus
1158 1150 1392 1214 Visitationem

246 1174 350 1300 didere
360 1237 526 1316 accedere,
542 1236 840 1322 Praesidentemque
855 1261 891 1302 ac
908 1239 989 1303 alios
1003 1238 1150 1322 singulos
1165 1237 1282 1314 socios,
1299 1235 1391 1299 scho-

247 1323 332 1386 lares
344 1347 379 1386 ac
392 1324 578 1408 discipulos,
594 1324 740 1409 ejusdem
758 1325 859 1387 nostri
872 1324 1016 1410 Collegii
1030 1325 1063 1386 in
1080 1323 1235 1386 sacellum
1245 1321 1393 1408 ejusdem

247 1432 435 1474 convocare.
482 1410 545 1473 Cui
560 1413 691 1493 quidem
711 1410 888 1474 reverendo
906 1411 998 1497 patri
1017 1433 1053 1473 ac
1070 1410 1299 1473 Commissario
1321 1430 1394 1486 suo,
1488 1423 1489 1426 ’

85 1523 207 1568 Powerto
247 1506 407 1580 praeterea
419 1496 553 1574 nemini,
571 1498 681 1580 vigore
704 1498 875 1580 praesentis
900 1498 1019 1561 statuti
1038 1497 1168 1582 plenam
1184 1494 1392 1558 concedimus

85 1582 195 1684 anquira,
219 1590 444 1685 dpoteetatem
461 1594 499 1645 ut
513 1605 612 1666 super
632 1583 782 1646 omnibus
799 1593 833 1646 et
857 1583 995 1668 singulis
1009 1584 1178 1668 particulis
1193 1591 1226 1644 et
1246 1580 1394 1646 articulis

84 1653 220 1758 affin
249 1670 281 1730 in
298 1669 414 1730 nostris
436 1670 568 1731 statutis
582 1670 755 1746 contentis,
771 1692 806 1732 ac
822 1668 863 1732 de
883 1671 1127 1752 quibuscunque
1148 1669 1219 1732 aliis
1234 1667 1392 1746 articulis
1483 1723 1489 1744 ,

248 1763 380 1828 statum,
397 1757 601 1816 commodum
613 1767 670 1817 aut
685 1755 848 1833 honorem,
862 1755 939 1818 dicti
952 1755 1093 1841 Collegii
1108 1754 1392 1832 concernentibus,

249 1847 307 1903 aut
331 1863 404 1923 quae
426 1840 461 1902 iu
491 1839 578 1903 dicto
595 1840 688 1903 Colle
714 1840 747 1901 io
769 1851 827 1904 aut
858 1842 967 1925 aliqua
989 1841 1078 1904 illius
1104 1863 1242 1928 persona
1266 1840 1394 1904 fuerint

248 1925 453 1990 reformanda
466 1938 523 1991 aut
533 1864 737 2012 corrigenda,
749 1938 967 2012 praeterquam
979 1927 1020 1990 de
1034 1928 1165 1992 secretis
1177 1938 1235 1990 aut
1246 1926 1393 2004 occultis,

248 2013 493 2092 Praesidentem,
503 2013 619 2092 Socios,
628 2012 789 2076 scholares
801 2023 835 2076 et
847 2012 1034 2099 discipulos,
1043 2014 1225 2100 interroget
1240 2021 1274 2076 et
1285 2013 1392 2094 inqui·

247 2109 319 2175 rat3
336 2108 498 2186 cogatque
511 2122 624 2164 eorum
635 2121 899 2182 unumquemque
912 2100 946 2162 in
956 2101 1077 2162 virtute
1089 2098 1271 2183 juramenti
1282 2109 1316 2160 et
1331 2120 1392 2182 per

248 2208 411 2259 censuras,
427 2189 454 2250 si
477 2209 559 2271 opus
579 2185 691 2257 fuerit,
713 2184 753 2247 ad
774 2185 947 2248 dicendum
966 2185 1138 2249 veritatem
1159 2185 1199 2248 de
1214 2185 1392 2270 praemissis

248 2272 398 2334 omnibus
412 2279 447 2334 et
468 2270 616 2357 singulis,
635 2271 762 2334 etiamsi
786 2293 884 2357 super
908 2272 955 2336 eis
979 2293 1044 2334 non
1065 2271 1188 2334 fuerint
1207 2271 1393 2357 specialiter
1487 2313 1489 2322 ι

249 2359 405 2439 requisiti,
418 2366 631 2443 praeterquam
641 2368 678 2421 ut
689 2357 812 2421 dictum
823 2368 873 2421 est
882 2358 922 2422 de
934 2360 1067 2423 secretis
1076 2368 1109 2421 et
1119 2358 1252 2421 occultis
1262 2383 1271 2435 ;
1283 2380 1392 2422 exces-

248 2464 366 2525 susque
393 2466 429 2506 ac
451 2442 684 2529 negligentias,
711 2446 844 2507 crimina
879 2454 913 2509 et
937 2444 1066 2521 delicta,
1091 2466 1282 2527 quocunque
1313 2443 1391 2507 dieti

250 2529 391 2613 Collegii
405 2529 672 2611 qualitercunque
684 2531 856 2593 commissa
866 2539 899 2595 et
910 2532 943 2594 in
953 2553 992 2595 ea
1005 2531 1203 2595 Visitatione
1212 2540 1391 2615 comperta,

247 2614 583 2679 secundumexcessus
591 2616 788 2699 exigentiam
799 2626 832 2679 et
844 2618 986 2680 criminis
997 2627 1055 2680 aut
1065 2615 1177 2681 delicti
1185 2616 1391 2699 qualitatem,

248 2700 361 2764 debite
372 2701 486 2784 puniat
499 2707 532 2762 et
545 2701 716 2778 reformet3
731 2712 911 2785 caeteraque
927 2703 1037 2765 omnia
1049 2711 1083 2766 et
1098 2704 1231 2787 singula
1242 2702 1342 2766 faciat
1357 2712 1392 2766 et
1488 2770 1489 2774 ,

248 2796 397 2850 exerceat
420 2808 491 2869 quae
517 2785 558 2849 ad
581 2808 694 2849 eorum
719 2792 944 2851 correctionem
971 2798 1005 2852 et
1033 2789 1298 2853 reformationem
1326 2790 1390 2851 sint

248 2873 430 2937 necessaria
442 2883 500 2937 aut
514 2871 729 2955 quovismodo
749 2884 943 2958 opportuna,
960 2875 1089 2938 etiarnsi
1110 2874 1152 2938 ad
1174 2875 1391 2961 privationem

16 2964 21 2971 ’
86 2975 208 3020 rovorco
248 2971 307 3025 aut
318 2961 515 3023 amotionem
535 2958 749 3036 presidentis,
762 2957 1058 3045 Vicepraesidentis‚
1072 2961 1121 3024 vel
1134 2961 1268 3023 alterius
1283 2960 1391 3042 cujus-

84 3046 216 3135 ffilssn,
248 3069 385 3128 cunque,
401 3048 445 3111 ab
459 3045 740 3109 administratione
755 3067 816 3109 sua
832 3045 882 3108 vel
897 3047 1078 3125 officio,seu
1094 3045 1175 3111 eiad
1192 3046 1389 3109 amotionem
1480 3060 1489 3081 ⁴

85 3163 113 3194 or
123 3149 215 3195 orrea.
248 3132 385 3217 alicujus
399 3133 492 3208 Socii,
510 3131 663 3195 scholaris
676 3129 728 3194 vel
743 3130 904 3216 discipuli,
921 3134 1013 3195 abeo
1031 3132 1191 3218 Collegio,
1205 3133 1341 3197 statutis
1356 3141 1390 3195 et

248 3218 506 3282 ordinationibus
522 3218 554 3280 id
571 3218 790 3301 exigentibus,
804 3217 977 3303 procedere
989 3219 1170 3303 contingat.
1215 3218 1306 3291 Quos
1321 3218 1391 3301 qui·

248 3305 324 3368 dem
344 3305 584 3380 Praesideutem
600 3304 708 3365 Socios
732 3313 766 3366 et
784 3304 956 3375 scholares,
973 3303 1148 3389 discipulos
1168 3326 1205 3367 ac
1255 3313 1391 3367 raeterca

248 3392 421 3468 ministros,
431 3411 637 3472 quoscunque
646 3388 747 3452 etiam
758 3390 906 3454 famulos.
920 3391 1073 3475 praedicto
1082 3388 1213 3453 domino
1227 3327 1390 3476 Episcopo

248 3485 283 3539 et
297 3498 355 3539 suo
372 3476 610 3549 Commissario,
625 3473 685 3536 sed
697 3474 778 3538 nulli
790 3475 855 3547 alii,
868 3476 974 3556 quoad
988 3477 1095 3539 omnia
1111 3491 1145 3540 et
1159 3477 1292 3562 singula
1305 3498 1389 3562 prae·

248 3562 356 3636 missa,
370 3561 519 3624 volumus
536 3574 568 3623 et
582 3558 788 3644 praecipimus
804 3559 1015 3625 effectualiter
1029 3561 1200 3627 intendere
1215 3573 1249 3625 et
1265 3584 1388 3645 parere.

249 3648 448 3721 statuentes,
471 3646 617 3730 insuper,
637 3652 675 3707 ut
693 3645 809 3721 nullus,
826 3647 859 3709 in
878 3647 1131 3712 visitationibus
1147 3648 1311 3734 praedictis
1331 3670 1389 3711 seu
1484 3671 1486 3675 ’

249 3732 321 3795 aliis
343 3731 503 3795 scrutiniis
526 3729 682 3793 iaciendis
698 3732 732 3792 in
752 3730 838 3795 dieto
854 3731 1011 3819 Collegio‚
1028 3744 1140 3797 contra
1159 3734 1389 3798 Praesidentern

249 3829 306 3883 aut
321 3818 461 3902 aliquem
484 3816 583 3881 alium
600 3817 705 3902 ipsius
722 3816 861 3904 Collegii
876 3819 1047 3901 quicquam
1063 3820 1157 3899 dicat,
1175 3821 1317 3906 deponat
1329 3842 1387 3883 seu

248 3904 430 3983 denuntiet,
447 3904 508 3966 nisi
526 3902 612 3987 quod
632 3925 744 3967 verum
764 3902 948 3983 crediderit,
972 3928 1029 3968 scu
1044 3906 1084 3967 de
1098 3928 1163 3988 quo
1178 3905 1310 3991 publiea
1325 3927 1389 3969 vox

248 3991 299 4055 vel
313 3992 400 4055 lama
414 3989 611 4053 laboraverit
625 4002 739 4053 contra
750 3990 902 4068 eundem,
918 3992 949 4053 in
964 3992 1085 4054 virtute
1097 3992 1275 4074 juramenti
1290 3991 1333 4053 ab
1349 4014 1388 4055 eo

249 4077 399 4162 Collegio
410 4076 560 4162 praestiti.
608 4075 815 4154 Ordinantes,
833 4088 998 4163 praeterea,
1015 4078 1068 4140 uti
1082 4077 1212 4141 domino
1231 4078 1388 4164 Episcopo

88 4179 227 4249 suspense
249 4164 479 4228 Wintoniensi.
494 4187 567 4227 curn
580 4166 612 4226 in
625 4185 767 4247 persona
776 4163 908 4248 propria
919 4164 1048 4225 visitare
1064 4172 1097 4226 et
1111 4164 1277 4249 praemissa
1286 4164 1388 4228 lacere

88 4235 225 4283 tornator.
249 4249 416 4332 dignetur,
428 4249 609 4312 Praesidens
618 4258 651 4311 et
661 4249 920 4332 Dispensatores,
931 4270 1029 4311 unam
1040 4250 1072 4311 in
1083 4250 1232 4333 Collegio
1241 4251 1388 4314 refectio·

249 4335 518 4415 nemetquinque
528 4357 653 4400 marcas
664 4336 692 4396 ei
702 4332 870 4396 humiliter
880 4344 913 4397 et
923 4334 1267 4400 reverenterofferant.
1292 4342 1388 4399 t'orn-

41 4443 75 4450 -
248 4420 397 4482 missario
411 4430 616 4486 autemeam
639 4418 804 4504 praemissa
817 4418 937 4488 fecerit,
956 4418 1039 4483 duae
1055 4420 1246 4483 relectiones
1261 4422 1295 4483 in
1312 4425 1389 4487 Col-

248 4502 336 4587 legio
361 4510 396 4565 et
422 4502 643 4587 quadraginta
666 4503 788 4565 solidos
817 4524 876 4587 per
906 4526 1020 4603 manus
1036 4505 1319 4589 ,Dispensatorum
1347 4510 1388 4573 de
