3000 4700
285 240 421 307 &aare
434 242 474 324 of
485 240 602 327 Corpus
620 240 738 306 Christi
758 241 882 328 cerleyo,
904 241 1032 329 Offord.
1181 217 1235 307 ι93

80 399 221 469 istarum
227 403 427 468 cistellarum
436 404 665 491 praedictarum
675 404 782 469 claves
792 405 878 470 iuter
887 428 923 470 se
934 405 1079 472 diversas
1089 401 1234 474 habeant
1247 439 1317 500 Keys
1328 441 1359 486 ,f

79 486 271 554 Praesidens
284 510 395 562 unam,
413 489 665 574 Vicepraesidens
681 491 788 564 aliam,
812 493 967 557 Decanus
987 494 1106 557 artium
1127 497 1234 560 senior
1246 499 1333 546 chestr.

79 580 224 640 tertiam.
270 577 315 641 Et
340 576 409 640 haec
432 574 556 641 cistella
574 600 634 664 pro
656 577 796 664 placitis,
819 586 852 642 et
873 579 947 643 duae
972 579 1053 659 aliae,
1069 579 1232 661 videlicet,
1379 661 1381 665 ,

78 665 171 728 eain
186 683 253 746 qua
266 662 493 728 collocavimus
508 664 662 749 sigillum,
684 672 719 728 et
734 685 802 728 una
816 667 923 730 mutui
937 667 970 730 in
986 687 1054 752 qua
1074 666 1230 733 ducentas
1245 690 1322 740 oum

79 766 205 812 marcas
228 753 444 836 reposuimus,
469 749 504 813 in
530 771 599 814 una
621 751 736 836 majori
759 759 791 814 et
823 752 895 816 lorti
920 752 1001 816 cista
1024 752 1332 819 includanturvhav·

78 833 189 898 tribus
203 837 283 898 seris
299 835 462 916 obserata,
475 857 614 918 quarum
629 836 734 900 claves
750 847 880 900 servent
896 837 962 901 duo
980 838 1232 925 Dispensatores

80 928 115 982 et
129 920 251 985 artium
276 921 431 985 Decanus
468 922 579 999 unior3
602 944 676 1005 quae
695 923 778 986 cista
797 928 900 1009 major
915 924 949 987 in
964 925 1124 1011 superiori
1140 936 1233 1012 parte

79 1007 183 1069 turris
199 1008 379 1072 collocetur.
464 1007 496 1071 bi
510 1008 609 1072 etiarn
625 1008 691 1072 alia
706 1020 880 1093 reponatur
895 1010 976 1074 cista
993 1033 1111 1096 magna
1126 1013 1234 1076 valida

80 1099 115 1154 et
132 1093 216 1156 bene
230 1095 366 1166 munita,
384 1116 419 1158 ac
436 1094 540 1158 tribus
557 1094 637 1158 seris
653 1095 812 1165 obserata,
828 1117 966 1178 quarum
982 1097 1087 1160 claves
1103 1109 1234 1162 servent

82 1177 276 1254 Praesidens,
294 1180 449 1244 Decanus
473 1180 581 1244 senior
604 1179 723 1244 artium
747 1191 780 1244 et
802 1183 911 1245 senior
935 1181 1173 1268 Dispensator3
1199 1185 1232 1248 in

78 1287 146 1346 qua
160 1265 390 1330 custodiantur
403 1289 483 1330 vasa
498 1274 532 1330 et
545 1267 610 1329 alia
620 1288 692 1349 quae
708 1288 772 1330 non
790 1281 886 1331 erunt
901 1270 933 1331 in
949 1269 1143 1352 quotidiano
1158 1291 1231 1334 usu.

79 1351 162 1423 Quae
177 1351 259 1415 cista
273 1375 369 1416 suum
385 1353 507 1417 habeat
521 1353 707 1438 registrum,
723 1353 757 1417 in
778 1376 844 1436 quo
868 1356 1052 1419 scribantur
1074 1357 1187 1420 omnia
1201 1372 1234 1422 et

79 1437 215 1522 singula
229 1439 263 1500 in
280 1462 320 1503 ca
334 1448 496 1504 contenta.
542 1441 591 1504 Ac
605 1439 715 1512 etiarn,
732 1440 906 1522 siquando
922 1465 962 1506 ex
978 1465 1019 1505 ur
1045 1443 1115 1506 enti
1137 1466 1233 1508 causa

79 1544 162 1609 opus
187 1525 251 1588 erit
275 1525 400 1608 aliquid
423 1548 533 1589 eorum
559 1526 695 1602 extrahi,
721 1527 909 1591 scribantur
933 1522 965 1591 in
982 1465 1096 1592 eodem
1113 1527 1183 1592 dics
1200 1539 1234 1595 et

80 1631 179 1673 causa
191 1612 401 1676 extractionis
416 1622 450 1676 et
465 1611 698 1692 restitutionis,
715 1635 750 1676 ac
762 1615 972 1698 praesentium
986 1614 1020 1678 in
1033 1617 1233 1680 extractione

79 1707 121 1758 et.
133 1696 345 1762 restitutione
367 1699 511 1762 nomina.
557 1697 644 1760 Ostii
668 1709 779 1763 autern
796 1701 892 1785 hujus
908 1701 1083 1786 superioris
1100 1701 1133 1765 in
1151 1704 1233 1765 turri

78 1805 227 1855 camerae,
237 1784 342 1848 tribus
352 1785 453 1848 variis
464 1783 542 1847 seris
554 1785 706 1854 obserati,
714 1786 816 1848 claves
826 1795 957 1850 servent
971 1787 1232 1872 Vicepraesidens,

76 1869 190 2017 p‘lunior
202 1870 324 1933 artium
340 1870 494 1934 Decanus
506 1883 537 1934 et
546 1871 658 1956 junior
669 1869 896 1956 Dispensator.
928 1873 979 1937 Sit
991 1873 1101 1953 etiam,
1115 1884 1234 1959 praeter

103 1978 157 2032 aec,
174 1977 244 2018 una
266 1957 348 2020 cista
371 1957 405 2020 in
429 1956 631 2020 thesauraria
651 1957 779 2020 duabus
802 1958 884 2022 seris
909 1957 1071 2031 obserata,
1092 1983 1232 2042 quarum

78 2039 227 2105 diversas
239 2042 344 2106 claves
359 2043 505 2106 habeant
516 2043 601 2106 inter
614 2065 649 2106 se
661 2043 727 2106 duo
738 2043 1001 2128 Dispensatores‚
1012 2066 1072 2130 pro
1083 2047 1231 2130 pecuniis

79 2127 121 2192 de
130 2129 348 2212 proventibus
358 2128 503 2215 collegii
512 2150 571 2213 per
582 2151 637 2192 eos
646 2129 794 2214 receptis,
809 2137 906 2212 atque
917 2127 957 2192 de
969 2129 1093 2194 eisdem
1108 2131 1231 2194 ibidem

77 2215 224 2278 securius
239 2225 273 2279 et
287 2216 392 2278 tutius
407 2215 645 2294 conservandis,
658 2224 789 2297 quantae
804 2215 963 2279 sufficient
980 2215 1021 2279 ad
1037 2238 1136 2280 onera
1153 2240 1231 2300 quo-

77 2299 206 2365 tidiana
227 2300 462 2388 supportanda.
507 2300 689 2366 Residuum
704 2323 780 2365 vero
795 2302 943 2389 pecuniae
959 2311 1097 2391 receptae
1111 2305 1230 2391 perdu-

77 2398 172 2452 catur
186 2388 229 2452 ad
244 2392 355 2453 cistam
370 2390 403 2452 in
422 2388 515 2466 turri,
532 2395 566 2452 et
581 2388 616 2451 in
633 2411 673 2452 ea
688 2398 880 2475 reponatur.

255 2537 338 2624 Cap,
354 2538 409 2602 44.
432 2542 484 2604 De
497 2540 664 2611 euidentir's,
679 2541 874 2603 munimentis
887 2550 915 2603 et
929 2542 1060 2627 scriptis.

124 2650 173 2713 Ut
188 2649 222 2711 in
240 2658 351 2712 nostro
366 2649 518 2735 Collegio
532 2650 699 2735 provocati
723 2648 766 2713 ad
778 2649 853 2713 lites
869 2656 903 2713 et
918 2670 1007 2713 arma
1021 2672 1149 2735 semper
1164 2652 1229 2716 sint
1243 2674 1352 2735 euaaey

76 2737 198 2825 parati,
213 2758 272 2799 nec
288 2734 332 2798 ad
355 2757 503 2821 pugnam
526 2737 562 2799 in
587 2736 655 2799 acie
670 2734 924 2821 progrediantur
946 2736 1096 2809 inermes,
1113 2739 1227 2803 statui·
1242 2736 1388 2839 evidieplcepps

77 2846 152 2886 mus
168 2830 206 2886 ut
229 2844 340 2886 eorum
357 2844 455 2893 arura,
477 2820 537 2885 hoc
553 2830 614 2900 est,
633 2822 814 2895 evidentiae,
830 2821 959 2896 chartae,
976 2824 1180 2888 munimenta
1195 2834 1228 2889 et
1241 2808 1397 2911 iiaudtesaa'

76 2911 205 2995 reliqua
220 2909 351 2995 scripta,
366 2908 401 2971 in
418 2909 578 2993 superiori
592 2930 718 2971 camera
734 2910 834 2971 turris
849 2918 1022 2993 ponantur.
1069 2908 1123 2973 Ita
1140 2920 1174 2973 ut
1193 2911 1227 2972 in

77 3017 147 3059 una
161 2996 245 3058 cista
260 3017 391 3079 magua,
400 2993 511 3058 valida
522 3003 555 3057 et
568 3016 690 3065 secura,
704 2994 811 3058 tribus
822 2995 974 3056 obserata
986 2996 1076 3066 seris,
1088 3017 1227 3077 quarum

77 3081 227 3145 diversas
252 3080 359 3144 claves
384 3080 527 3143 habeant
554 3079 747 3151 Praesidens,
770 3078 1031 3164 Vicepraesidens
1058 3087 1092 3143 et
1122 3083 1228 3143 senior

77 3168 202 3231 artium
236 3168 403 3239 Decanus,
434 3175 669 3230 conserventur
696 3187 808 3229 omnes
836 3165 936 3229 bullae
973 3166 1170 3251 Apostolicae
1199 3177 1232 3230 et

78 3252 298 3339 Episcopales
329 3275 403 3315 cum
441 3252 661 3338 processibus,
693 3250 975 3337 appropriationes
1010 3250 1231 3322 ecclesiarum,

78 3339 305 3403 ordinationes
321 3338 525 3413 vicariorum,
540 3340 661 3401 chartae
680 3338 791 3425 Regiae
808 3345 842 3399 ot
862 3336 1000 3399 aliorum
1015 3336 1230 3415 dominorum,

77 3432 262 3508 caeteraque
279 3426 483 3487 munimenta
500 3424 681 3509 originalia,
696 3433 731 3487 et
758 3445 883 3505 eaquae
899 3431 979 3486 sunt
1002 3423 1134 3509 majoris
1150 3446 1232 3509 pon-

79 3512 178 3590 deris,
196 3518 314 3597 praetcr
337 3510 481 3574 chartam
498 3510 638 3596 Regiam
654 3510 795 3573 licentiae
820 3507 1019 3572 fundationis
1037 3517 1071 3572 et
1087 3508 1232 3573 chartam

77 3620 233 3683 magnam
262 3604 381 3659 nostrae
409 3595 615 3660 fundationis
644 3595 837 3681 praedictae,
867 3593 951 3658 liber
975 3617 1104 3677 quoque
1136 3597 1233 3683 origi·

79 3685 167 3749 nalis
182 3682 327 3747 omnium
344 3691 541 3746 statutorum
557 3692 750 3748 nostrorum,
767 3690 878 3744 nostro
900 3681 1008 3766 sigillo
1023 3682 1233 3767 obsignatus,

79 3772 263 3855 castigator
279 3767 531 3854 depravationis,
547 3770 575 3830 si
589 3792 662 3851 quae
677 3768 844 3853 obtigerit.
895 3767 932 3829 In
949 3769 1055 3853 capsis
1072 3780 1180 3832 autern
1198 3770 1232 3830 in

79 3855 196 3921 eadem
211 3876 339 3919 camera
353 3854 516 3919 collocatis
532 3863 733 3939 reponantur
757 3854 907 3938 registra,
930 3856 1124 3937 transcripta
1139 3854 1232 3917 char-

80 3952 189 4006 tarum
211 3941 393 4025 chiarum
413 3950 447 4005 et
470 3940 608 4003 aliorum
629 3941 846 4008 dominorum,
863 3947 1037 4024 computus
1053 3940 1233 4023 Dispensa-

1 4047 13 4067 *
80 4039 202 4099 torum,
219 4026 408 4091 indenturae
430 4049 560 4112 magnae
586 4034 621 4090 et
647 4026 898 4109 arreragiorum.
943 4024 981 4087 In
1006 4024 1083 4088 aliis
1104 4043 1233 4106 quoquc

66 4115 189 4201 ‘capsis
213 4113 345 4191 ibidem,
367 4136 427 4199 pro
452 4134 647 4196 unoquoque
666 4114 822 4176 comitatu
846 4109 1006 4186 confectis,
1022 4110 1234 4194 imponantur

80 4200 234 4287 capsellae
264 4200 391 4287 ligneae,
419 4198 628 4263 includentes
658 4199 799 4274 chartas,
816 4196 1019 4259 munimenta
1043 4202 1076 4258 et
1102 4194 1232 4278 scripta,

81 4296 263 4372 computos,
279 4287 440 4349 curiarum
457 4284 589 4363 rotulos,
606 4283 649 4348 ad
671 4282 842 4366 quodlibet
859 4280 1037 4343 manerium
1063 4289 1122 4345 aut
1137 4282 1234 4343 bene-

86 4374 193 4437 llcium
220 4373 253 4435 in
270 4393 309 4436 eo
334 4372 492 4436 comitatu
507 4372 713 4455 pertinentia,
734 4367 885 4443 rentalia,
905 4367 1041 4429 terraria
1063 4389 1135 4429 cum
1152 4366 1233 4428 limi-

83 4460 172 4523 tibus
205 4458 349 4541 (bundas
379 4455 564 4541 appellant)
595 4477 667 4537 quae
695 4455 729 4515 in
761 4452 953 4515 duodecimo
982 4452 1033 4515 vel
1057 4452 1098 4515 ad
1129 4452 1236 4516 minus
