3000 4700
286 213 328 276 28
488 209 622 278 Statutes
637 211 675 292 ‘ff
688 208 805 295 Corpus
824 208 944 274 Christi
962 206 1087 291 Collepe,
1109 206 1240 290 chord.

287 375 422 440 cuilibet
446 372 664 438 contradicam
690 381 724 435 et
749 373 909 447 resistam,
932 372 1069 457 ipsaque
1092 369 1160 433 lieri
1188 369 1250 432 viis
1274 377 1309 432 ct
1333 365 1446 430 modis

287 461 406 547 quibus
420 468 537 546 potero
556 459 739 543 impediam.
784 457 1115 544 Interpretationibus
1130 463 1249 534 tamen,
1263 453 1442 540 injunctio·

288 547 393 627 nibus,
423 546 695 612 declarationibus
725 551 760 608 et
788 544 1057 629 expositionibus,
1087 564 1144 626 per
1166 539 1365 605 reverendos
1404 540 1442 600 in

289 633 422 697 Christo
436 642 557 720 patres,
571 651 768 696 successores
779 629 902 693 domini
919 629 1128 708 Fundatoris,
1147 629 1326 713 Episcopos
1342 625 1442 687 Win-

290 721 466 798 tonienses,
478 740 573 803 super
593 717 703 781 dubiis
718 724 916 778 statutorum
936 714 1191 800 emergentibus,
1207 723 1241 776 et
1255 713 1441 776 secundum

290 805 425 870 formam
452 804 538 868 infra
566 805 719 889 scriptam
746 800 934 887 disputatis,
960 823 997 864 ac
1020 800 1064 864 ad
1088 799 1220 863 eosdem
1251 797 1442 884 Episcopos

290 890 414 970 delatis,
426 889 593 967 faciendis,
610 889 774 962 obediam,
784 897 816 952 et
833 888 881 951 eis
896 887 1023 972 absque
1037 885 1185 950 ulteriori
1196 884 1441 970 disquisitione,

205 1051 207 1057 Ι
292 975 516 1061 disputatione
533 985 590 1038 aut
610 973 872 1053 contradictione,
895 972 1025 1036 etiamsi
1047 993 1130 1037 mcae
1152 971 1299 1057 opinioni
1320 968 1444 1033 adver-

292 1072 414 1142 sentur,
425 1085 498 1126 oum
513 1061 632 1125 effectu
644 1059 779 1146 parebo,
793 1068 893 1144 atque
903 1081 959 1122 eas
974 1059 1180 1137 inomnibus,
1188 1059 1288 1142 juxta
1303 1057 1443 1141 planum

292 1154 327 1212 et
342 1147 497 1212 literalem
513 1168 642 1210 sensum
660 1153 693 1209 ct
707 1144 831 1209 domini
846 1144 1044 1208 Fundatoris
1055 1155 1207 1224 mentem,
1222 1149 1385 1230 quantum
1405 1141 1444 1203 iu

293 1256 345 1297 me
367 1234 472 1314 fuerit,
487 1255 614 1318 semper
634 1231 704 1296 ficri
730 1239 765 1294 et
787 1230 945 1294 declarari
967 1231 1155 1312 procurabo.
1203 1230 1298 1307 Item,
1321 1229 1350 1291 si
1365 1249 1445 1289 con·

293 1321 402 1406 tingat
415 1342 468 1384 me
483 1320 564 1383 scire
589 1317 701 1404 aliqua
724 1328 848 1381 secreta
861 1316 961 1401 hujus
977 1315 1123 1402 Collegii,
1140 1317 1212 1400 ipsa
1232 1317 1265 1378 in
1281 1315 1444 1378 damnum

292 1417 326 1470 et
365 1404 566 1492 mejudicium
590 1403 734 1489 ejusdem
759 1424 824 1467 non
838 1403 990 1466 revelabo
1010 1401 1079 1466 ullo
1103 1408 1208 1487 pacto.
1255 1401 1350 1479 Item,
1368 1398 1445 1461 huic
1496 1436 1498 1446 ι

295 1428 445 1577 Collegio
471 1489 578 1554 fidelis
601 1511 674 1565 er0;
705 1488 836 1568 damna,
867 1487 1030 1567 scandala,
1056 1488 1291 1572 praejudicium,
1316 1486 1347 1548 ei
1374 1506 1444 1547 non

294 1577 411 1640 faciam
435 1598 496 1640 nec
516 1576 558 1638 ab
574 1575 646 1638 aliis
669 1575 774 1659 patiar
794 1575 874 1654 fieri,
890 1573 950 1638 sed
975 1597 1035 1660 per
1050 1596 1102 1637 me
1124 1581 1159 1638 et
1171 1573 1265 1649 alios,
1287 1571 1445 1634 omnibus

296 1661 399 1726 modis
414 1663 532 1747 quibus
552 1662 666 1726 melius
681 1669 807 1746 potero,
822 1682 864 1723 ne
880 1661 961 1723 fiant
975 1659 1170 1746 impediam:
1193 1668 1228 1722 et
1243 1661 1271 1721 si
1284 1658 1360 1743 ipsa
1381 1658 1444 1719 im-

295 1747 407 1833 pedire
422 1769 485 1810 non
507 1756 634 1832 potem,
651 1746 850 1811 praesidenti
865 1747 918 1810 vel
932 1744 1212 1832 Vicepraesidenti,
1236 1744 1376 1807 Decanis
1390 1744 1447 1805 vel

299 1833 602 1918 Dispensatoribus,
632 1833 836 1918 apertissime
860 1831 1024 1897 revelabo.
1069 1831 1271 1909 Praesidenti,
1297 1831 1444 1914 insuper,

296 1917 572 2005 Vicepraesidenti,
598 1918 749 1999 Decanis,
776 1928 810 1983 et
839 1918 912 1981 aliis
934 1921 1015 1981 meis
1036 1917 1262 2002 superioribus
1289 1917 1325 1978 in
1356 1914 1446 1978 dicto

297 2004 458 2090 Collegio,
475 2006 506 2068 in
530 2004 626 2068 licitis
652 2012 686 2068 et
709 2003 868 2082 honestis,
884 2013 918 2067 et
938 2005 1077 2067 maxime
1102 2004 1136 2066 in
1159 2024 1271 2066 eorum
1286 2022 1445 2065 convoca-

297 2092 441 2156 tionibus
471 2099 505 2154 et
534 2093 568 2154 in
597 2090 737 2176 negotiis
768 2089 919 2175 Collegii,
952 2098 1115 2176 quatenus
1144 2097 1270 2152 statuta
1299 2085 1446 2173 ejusdem

293 2177 421 2262 jubent,
438 2177 596 2254 obediam,
620 2177 780 2256 assistam,
802 2184 837 2239 et
859 2179 1069 2240 reverentiam
1093 2174 1237 2239 debitam
1261 2182 1449 2236 reverenter

299 2264 498 2348 impendam.
547 2262 797 2340 Monitionibus,
815 2284 901 2340 rero,
925 2261 1190 2347 injunctionibus,
1207 2261 1356 2337 decretis,
1372 2280 1446 2321 cor-

298 2349 509 2427 rectionibus,
519 2347 749 2434 punitionibus
766 2349 1025 2435 quibuscunque,
1041 2347 1261 2427 Praesidcntis,
1279 2345 1446 2432 Viceprae·

299 2434 437 2498 sidentis
471 2442 506 2497 et
534 2442 736 2513 caeterorum,
760 2434 939 2499 secundum
968 2434 1102 2498 formam
1128 2442 1324 2498 statutorum
1348 2432 1448 2517 hujus

300 2520 440 2606 Collegii
457 2518 621 2599 faciendis,
637 2529 795 2605 quantum
821 2523 854 2583 in
878 2520 1044 2584 maluerit
1063 2529 1097 2584 et
1113 2520 1221 2583 adme
1236 2520 1448 2605 pertinuerit,

299 2628 371 2670 cum
387 2605 503 2673 effectu
518 2606 647 2691 parebo.
682 2607 891 2671 Contrarium
899 2628 976 2670 vero
987 2606 1041 2669 vel
1054 2627 1243 2691 repugnans
1258 2606 1446 2691 praemissis,

298 2692 334 2754 in
351 2690 475 2777 judicio
498 2690 550 2755 vel
571 2700 672 2771 extra,
696 2693 795 2758 tacite
817 2692 869 2757 vel
884 2714 1044 2777 expresse,
1070 2715 1133 2755 non
1154 2692 1269 2756 faciam
1291 2714 1351 2755 seu
1377 2692 1447 2755 fieri

300 2777 478 2861 procurabo
502 2784 559 2841 aut
584 2787 744 2864 quantum
768 2780 802 2841 in
828 2800 880 2841 me
903 2778 1002 2841 fuerit
1016 2780 1213 2863 permittam,
1237 2800 1298 2842 nec
1321 2776 1446 2841 eisdem

299 2862 500 2927 consentiam
535 2863 759 2950 quovismodo.
820 2864 913 2944 Item,
948 2864 1037 2949 quod
1067 2864 1110 2927 ad
1147 2864 1446 2951 augmentationem

300 2948 470 3024 bonorum,
495 2957 663 3029 terrarum,
685 2948 883 3028 reddituum,
980 2952 1143 3013 essionum
1162 2959 1197 3014 et
1216 2952 1351 3037 jurium,
1366 2949 1448 3013 dicti

302 3034 449 3121 Collegii,
474 3037 816 3119 conservationemque
839 3045 874 3098 et
896 2972 1128 3115 ffinsionem,
1152 3037 1388 3121 promotionem
1413 3046 1449 3100 et

300 3122 543 3209 expeditionem
566 3122 771 3207 negotiorum
793 3118 939 3206 ejusdem
969 3143 1244 3207 quorumcunque,
1267 3122 1311 3184 ad
1335 3144 1448 3208 quem-

301 3222 362 3279 cun
388 3230 430 3275 ue
458 3216 592 3288 statum,
623 3206 773 3293 gradum,
808 3206 1015 3291 dignitatem,
1044 3208 1201 3272 honorem
1223 3207 1276 3273 vel
1298 3208 1446 3289 officium,

301 3301 378 3377 post
402 3316 438 3357 ac
460 3315 512 3357 me
537 3293 688 3357 devenire
703 3293 886 3379 contigerit,
901 3293 934 3355 in
952 3295 1038 3357 sanis
1059 3294 1212 3374 consiliis,
1230 3294 1397 3356 favoribus
1414 3306 1447 3357 et

302 3379 442 3459 auxiliis,
460 3388 620 3465 quantum
636 3380 671 3441 in
687 3401 739 3443 me
751 3379 862 3458 fuerit,
879 3377 1056 3465 diligenter
1078 3378 1246 3443 intendam
1261 3387 1297 3443 et
1315 3380 1447 3462 juvabo,
1495 3395 1498 3418 ¹

303 3473 337 3527 ct
361 3485 420 3549 pro
439 3464 562 3529 eisdem
577 3464 717 3529 fideliter
731 3463 897 3544 laborabo,
913 3474 1060 3551 etusque
1076 3466 1117 3529 ad
1134 3466 1262 3528 finalem
1278 3471 1314 3527 et
1326 3466 1447 3529 felicem

304 3548 546 3633 expeditionem
572 3552 776 3635 negotiorum
793 3550 978 3634 hujusmodi
991 3552 1133 3631 instabo,
1148 3574 1246 3637 quam
1262 3551 1319 3614 diu
1339 3552 1448 3616 vixero

304 3635 338 3696 in
367 3633 430 3698 hoc
460 3634 592 3698 mundo.
637 3636 732 3715 Item,
765 3634 856 3721 quod
885 3657 951 3700 non
981 3637 1165 3722 procurabo
1194 3638 1448 3719 diminutionem,

304 3718 561 3801 translationem,
579 3722 801 3801 mutationem,
816 3722 1071 3787 annullationem
1087 3725 1155 3788 sive
1171 3723 1448 3797 annihilationem,

306 3806 444 3890 aliquus
471 3807 599 3869 numeri
622 3807 721 3893 hujus
745 3808 887 3893 Collegii
912 3810 1079 3894 assignati,
1107 3832 1166 3875 nec
1192 3833 1263 3873 eam
1290 3822 1449 3896 quantum

306 3892 339 3954 in
366 3912 417 3955 me
432 3888 532 3956 fuerit
558 3892 629 3956 fieri
644 3894 843 3980 permittam,
863 3902 921 3957 aut
944 3897 992 3958 eis
1014 3898 1210 3960 consentiam
1232 3897 1450 3981 quovismodo.

306 3978 402 4057 Item,
426 3976 517 4063 quod
539 4000 604 4042 non
627 4000 682 4042 ero
708 3979 881 4060 detractor,
904 4003 1043 4061 susurro,
1064 4004 1121 4045 seu
1145 3982 1266 4047 faciens
1289 3982 1450 4069 obloquia,
1471 3994 1497 4019 '⁴

307 4071 365 4127 aut
386 4084 566 4149 provocans
590 4063 756 4145 invidiam,
779 4066 900 4147 odium,
924 4068 1017 4142 iram,
1041 4069 1136 4148 rixas,
1168 4068 1356 4150 discordias,
1379 4093 1451 4135 cou-

307 4149 457 4213 tumelias
473 4160 531 4215 aut
539 4152 658 4237 jurgia,
673 4174 771 4217 causa
782 4154 1006 4217 commovendi
1021 4154 1143 4218 animos
1168 4155 1337 4221 Sociorum
1359 4157 1450 4242 hujus

309 4234 450 4321 Collegii
472 4237 523 4300 vel
547 4238 730 4323 aliquorum
753 4237 947 4303 scholarium
970 4240 1005 4301 in
1025 4239 1244 4305 Universitate
1265 4241 1449 4322 Oxoniensi,

308 4328 341 4383 et
363 4323 546 4405 praesertim
576 4322 662 4387 inter
691 4323 850 4388 scholares
880 4325 927 4388 ibi
952 4324 1130 4405 studentes,
1156 4329 1259 4392 veluti
1285 4329 1451 4408 australes,

307 4406 466 4485 boreales,
492 4409 543 4471 vel
576 4407 658 4472 alios
696 4413 915 4494 cujuscunque
955 4412 1107 4497 regionis,
1145 4436 1205 4476 nec
1247 4415 1450 4480 scientiarum

309 4489 351 4551 ad
382 4494 543 4571 scientias,
574 4494 769 4559 facultatum
800 4495 843 4559 ad
872 4495 1054 4577 facultates,
1083 4500 1204 4583 patriae
1234 4499 1276 4563 ad
1308 4505 1451 4586 patriam,
