3000 4700
286 237 421 303 Statores
435 241 474 322 of
485 236 602 322 Corpus
621 238 741 303 Carisa
758 241 883 325 Collepe,
904 242 1033 324 Orford.
1073 272 1075 275 ·
1200 235 1236 302 17

82 402 206 464 tionem
232 401 465 466 consiliumet
488 424 658 466 assensum
688 403 898 468 Praesidentis
921 405 1076 468 etunius
1103 403 1236 478 Decem,

82 488 134 552 vel
164 486 366 552 Praesidente
391 489 527 552 absente
548 488 831 572 Vicepraesidentis
856 501 889 554 et
909 492 1003 554 unius
1021 489 1155 565 Decani,
1171 499 1237 562 aut,

81 583 119 638 ut
131 573 312 659 praefertur,
326 573 402 637 istis
417 574 468 637 vel
484 597 595 640 eorum
613 575 720 660 aliquo
737 579 780 641 ab
798 577 1021 642 Universitste
1037 576 1238 652 absentibus,

83 681 196 724 eorum
228 659 466 746 deputatorum,
495 661 666 726 extrahere
692 671 725 726 et
753 686 926 750 exponere.
977 663 1081 748 Cujus
1106 662 1237 745 quidem

84 746 184 824 cistae,
203 769 244 809 ne
274 747 411 830 suspirio
447 746 569 811 fraudis
597 749 751 819 incurrat,
784 749 1034 834 Dispensatores
1064 749 1131 834 ipsi
1156 748 1238 811 duas

84 832 231 896 habeant
254 832 371 911 claves,
387 842 421 896 et
441 832 521 898 duos
545 834 674 899 libellos
688 836 740 898 vel
763 835 927 899 codicillos
946 835 1136 899 indentatos
1151 835 1239 898 inter

87 942 133 997 se,
149 921 181 981 in
199 917 311 981 eudem
329 920 411 983 cista
425 919 668 1000 conservandos,
680 921 722 985 de
736 922 889 984 omnibus
904 928 939 986 et
954 921 1095 1007 singulis
1107 942 1168 1007 per
1182 941 1239 983 eos

87 1005 201 1069 solutis
219 1013 254 1068 et
269 1006 431 1091 expensis.
476 1005 514 1070 In
529 1006 648 1090 quibus
663 1007 792 1087 libellis,
808 1031 849 1071 ne
864 1009 950 1072 inter
972 1030 1007 1072 se
1021 1003 1238 1090 computande
1250 1023 1399 1079 tm
1477 1011 1481 1020 “

87 1090 282 1165 discordent,
307 1092 444 1176 singulae
468 1113 632 1177 expensae‚
648 1095 711 1156 etsi
730 1095 871 1159 minimae
884 1094 1017 1172 fuerint,
1033 1115 1094 1180 per
1109 1114 1164 1156 eos
1180 1106 1237 1169 err-
1248 1092 1321 1149 Μ
1330 1086 1364 1136 0‘

87 1179 246 1262 positaein
262 1177 373 1241 eadem
390 1200 453 1261 qua
467 1187 672 1263 exponuntur
687 1181 871 1266 septimana
886 1181 1079 1258 scribantur,
1102 1169 1238 1264 propter
1456 1185 1460 1190 “

87 1265 302 1338 oblivionem
326 1264 386 1326 sub
401 1286 498 1350 poena
520 1266 703 1329 amissionis
718 1267 894 1330 earundem
912 1287 1111 1330 summarum
1125 1267 1159 1327 in
1175 1265 1239 1327 fine

87 1350 178 1412 illius
202 1350 390 1435 septimana
412 1373 477 1416 non
500 1352 704 1438 scriptarum.
753 1353 844 1428 Quos
866 1354 963 1416 etiarn
991 1353 1240 1438 Dispensatores

88 1437 246 1499 debonis
267 1447 301 1501 et
326 1437 521 1510 salubribus,
543 1446 707 1520 quatenus
726 1447 877 1524 possunt,
893 1439 1066 1525 providere
1089 1436 1239 1500 volumus

89 1523 297 1598 victualibus,
314 1521 355 1585 ad
380 1523 533 1587 honorem
547 1533 580 1588 et
594 1525 772 1589 utilitatem
791 1525 934 1610 Collegii
947 1533 983 1589 et
998 1524 1172 1588 sanitatem
1190 1523 1238 1585 in·

88 1607 320 1672 habitantium.
368 1610 537 1688 Praeterea,
552 1610 680 1693 quoties
695 1611 833 1693 aliquem
849 1612 1126 1697 Dispensatorum
1146 1619 1240 1672 extra

89 1695 345 1759 Universitatem
366 1696 479 1759 abesse
504 1697 702 1779 contigerit;
728 1698 839 1760 ambos
864 1707 974 1762 autem
996 1697 1063 1760 ulla
1078 1718 1119 1759 ex
1142 1712 1402 1761 causanbsenceor

88 1781 153 1844 nisi
167 1782 361 1868 perurgenti
385 1790 418 1845 et
442 1803 482 1844 ea
504 1783 677 1850 rarissima,
694 1805 754 1868 per
769 1783 1002 1848 Praesidentem
1026 1792 1060 1846 et
1082 1781 1237 1866 majorem
1250 1773 1329 1820 ΕΜ

3 1931 4 1944 ,
88 1865 217 1952 partem
243 1875 368 1953 septem
390 1869 530 1932 maxime
556 1869 730 1940 seniorum,
756 1871 807 1933 rel
831 1893 870 1932 eo
892 1871 1024 1933 absente
1047 1843 1351 1953 vicepraesi-BW·

89 1953 222 2017 dentem
247 1976 283 2016 ac
308 1957 464 2038 majorem
488 1963 613 2037 partem
635 1954 823 2023 eorundem.
840 1957 989 2038 primitus
1017 1953 1240 2039 approbanda,

90 2042 183 2102 simul
196 2040 312 2102 abesse
324 2040 489 2118 nolumus3
506 2049 583 2104 tunc
595 2041 701 2104 claves
714 2041 756 2104 ad
767 2064 864 2104 suurn
877 2041 1018 2104 officium
1028 2042 1241 2123 pertinentes,

91 2133 225 2210 propter
249 2148 362 2188 causas
388 2128 583 2190 necessarias
606 2149 678 2210 quse
703 2127 920 2191 verisimiliter
940 2125 1083 2190 accidere
1098 2139 1243 2208 possunt,

91 2212 314 2276 cumconsilio
333 2221 366 2275 ct
382 2235 512 2276 assensu
538 2213 757 2277 Praesidcntis.
774 2215 824 2277 rel
846 2236 885 2277 eo
908 2214 1044 2276 absente
1058 2210 1244 2295 Vicepraesi·

92 2298 212 2378 dentis,
228 2299 279 2363 vel
302 2307 438 2383 utroque
455 2300 590 2363 absente
605 2299 691 2363 Socii
706 2300 846 2365 maxime
863 2300 1000 2364 senioris
1014 2307 1093 2363 tuuc
1107 2298 1141 2362 in
1158 2296 1244 2362 Uni·

92 2386 250 2450 versitate
264 2388 447 2470 praesentisr,
462 2386 609 2450 dimittat
624 2386 658 2449 in
675 2386 824 2451 custodia
848 2387 984 2473 alicujus
999 2386 1133 2451 discreti
1158 2384 1245 2452 Socii

93 2493 156 2535 non
170 2472 318 2536 officiarii
332 2473 495 2559 clavigeri,
512 2473 569 2555 qui
584 2478 654 2559 ejus
669 2473 757 2537 vices
772 2474 918 2537 absentis
934 2473 1080 2558 supplere
1094 2471 1244 2541 voluerit,

94 2568 127 2621 et
141 2580 278 2643 proquo
293 2559 364 2644 ipse
378 2560 517 2623 voluerit
533 2582 592 2622 suo
605 2558 750 2643 periculo
764 2559 971 2645 respondere.
1011 2558 1146 2622 Proviso
1156 2556 1246 2641 quod

94 2645 204 2709 nullus
220 2667 306 2707 unus
321 2646 418 2707 simul
438 2646 559 2708 habeat
577 2644 755 2709 custodiam
769 2646 907 2710 clavium
922 2644 1059 2708 duorum
1073 2642 1244 2707 officiario·

94 2754 175 2796 rum.
222 2731 294 2795 Neo
310 2732 409 2795 etiarn
430 2731 600 2795 officiarius
612 2731 776 2815 quispiam
791 2732 843 2795 sui
858 2732 1006 2814 Collegae
1030 2731 1137 2795 claves
1149 2736 1245 2817 gerat

95 2833 150 2883 aut
165 2817 339 2895 custodiat.
386 2818 439 2881 Ad
455 2840 528 2901 quae
544 2818 653 2881 omnia
667 2824 700 2879 et
713 2818 846 2903 singula
859 2819 942 2882 bene
958 2817 1098 2881 fideliter
1117 2828 1152 2880 et
1166 2815 1244 2879 dili·
1257 2829 1333 2875 Their
1342 2826 1408 2873 ath.

97 2914 215 2991 genter
229 2903 432 2968 observanda
444 2904 523 2967 dicti
539 2904 794 2985 Dispensatores,
810 2905 922 2968 statim
937 2912 1009 2989 post
1025 2905 1173 2989 ipsorum
1189 2901 1245 2965 ad·

96 2992 285 3055 missionem
301 2990 342 3051 ad
358 2990 508 3071 officium,
520 2991 617 3053 tactis
631 3012 691 3075 per
707 3012 763 3053 eos
778 2999 938 3055 eteorum
949 3003 1124 3071 utrumque
1139 3010 1245 3050 sacro-

96 3078 214 3141 sanctis
241 3076 442 3160 Evangelia,
465 3084 625 3162 praestent
652 3076 864 3159 corporaliter
887 3083 1112 3163 juramentum
1138 3095 1247 3137 coram

96 3162 301 3228 Praesidente
315 3163 367 3225 vel
377 3162 666 3247 Vicepraesidente‚
685 3163 718 3225 in
735 3163 914 3248 praesentia
926 3160 1248 3225 omniumSociorum

97 3251 179 3313 dicti
195 3248 350 3333 Collegii,
365 3250 414 3312 vel
431 3250 561 3335 majoris
574 3249 678 3333 pertis
688 3248 864 3315 eorundem
878 3257 955 3312 tunc
969 3247 1004 3310 in
1019 3245 1249 3312 Universitate

97 3335 319 3422 praesent-ium.

98 3470 184 3558 Cap.
208 3468 240 3533 9.
266 3472 318 3534 De
339 3474 485 3556 qualitate
507 3484 535 3536 et
555 3473 793 3536 circumstantiis
814 3473 1018 3558 elipandomm
1042 3474 1076 3536 in
1100 3472 1250 3537 scholares

519 3561 637 3623 biennio
646 3560 829 3643 probandos.

143 3682 181 3745 In
211 3680 401 3765 praelatione
422 3690 622 3747 statutorum
641 3683 756 3767 viginti
781 3682 946 3748 Sociorum
967 3681 1171 3747 definivimus
1186 3706 1247 3747 nu·
1260 3695 1376 3742 mosae·

98 3790 236 3840 merum,
251 3789 348 3852 quem
365 3768 425 3831 hoc
440 3780 537 3853 pacto
552 3792 610 3854 per
629 3769 785 3833 dioeceses
801 3780 835 3833 et
855 3772 1030 3835 comitatus
1045 3770 1247 3856 subscriptos
1259 3754 1372 3859 ffignfi„
1385 3808 1416 3856 ,f

124 3854 218 3920 artiri
230 3864 264 3918 et
277 3852 432 3917 distribui
443 3855 606 3934 volumus,
615 3854 802 3919 ordinamus
816 3866 851 3920 et
866 3854 1054 3921 statuimus.
1087 3855 1146 3927 Ut,
1156 3856 1247 3921 vide·
1259 3870 1370 3918 sellom.

98 3878 189 4014 licet,
216 3940 249 4001 in
270 3948 380 4003 nostro
396 3940 555 4026 Collegio,
569 3944 734 4027 perpetuis
759 3942 881 4005 futuris
902 3942 1116 4028 temporibus,
1133 3964 1173 4005 ex
1188 3941 1249 4005 boa

99 4048 239 4091 numero
250 4026 413 4089 Sociorum
425 4028 738 4112 vicenarioquinque
747 4029 817 4091 nati
828 4030 933 4092 sintin
943 4028 1250 4092 dioecesiWintoni-

2 4177 5 4189 ,
100 4114 183 4192 ensi,
204 4109 370 4191 videlicet,
386 4122 453 4177 tres
466 4114 500 4175 in
516 4114 677 4177 comitatu
695 4114 998 4200 Southamptoniae3
1015 4112 1079 4177 duo
1096 4112 1137 4174 de
1152 4111 1250 4175 comi-

2 4190 11 4211 *
100 4211 175 4265 tatu
191 4198 352 4275 Surrciae3
375 4200 411 4263 iu
427 4198 555 4264 dioecesi
570 4200 786 4263 Dunelmensi
800 4223 905 4278 unus;
927 4203 957 4263 iu
975 4198 1108 4263 dioecesi
1122 4197 1251 4261 Batho-

100 4286 206 4351 niensi
222 4294 255 4349 et
273 4283 435 4349 Wellensi
450 4286 515 4349 duo
525 4312 534 4364 3
558 4295 591 4349 et
610 4284 675 4349 duo
695 4287 728 4352 in
744 4287 876 4351 dioecesi
891 4285 1086 4361 Exoriensi3
1111 4306 1249 4370 quarum

99 4372 236 4525 qpidem
246 4380 386 4456 quatuor
396 4372 579 4436 dioeoesium
590 4372 799 4457 pontificatus
809 4372 884 4436 olim
895 4372 1249 4456 successivegessimus.

2 4481 8 4512 l

140 4482 181 4524 uo
191 4468 353 4544 praterea
364 4459 436 4535 nati
448 4459 513 4523 sint
524 4459 559 4523 in
569 4458 730 4629 comptpgu)
737 4458 930 4532 Lincoln'iae,
938 4458 973 4521 in
984 4477 1050 4541 quo
1060 4463 1096 4520 et
1109 4478 1168 4520 nos
1179 4458 1251 4523 nati

705 4591 711 4603 ,
1103 4561 1122 4606 c
