3000 4700
311 192 446 258 Stctntes
458 195 498 276 of
510 191 627 276 corpu
645 192 765 257 Christi
784 193 908 277 Colleqe,
930 194 1058 274 chord.
1217 194 1254 260 71

107 353 256 438 proximo
280 354 430 441 capitulo
453 355 649 433 annotanda,
666 357 816 420 absentes
832 356 967 435 fuerint,
991 355 1025 418 in
1049 377 1184 420 numero
1199 358 1257 421 ab·

106 440 250 503 sentium
277 441 412 504 minime
437 442 644 527 computatis.
703 443 780 505 Non
806 440 1015 528 prohibemus
1039 452 1149 507 tamen
1176 444 1257 525 quin
1270 469 1365 528 Spectat

102 524 211 588 Sociis
219 527 488 591 autscholaribus
497 537 531 590 et
540 527 709 614 discipulis
717 550 759 591 ex
768 528 872 591 causis
880 529 1091 613 promotionis
1101 530 1256 614 ipsorum,
1271 541 1354 574 auses
1364 530 1395 575 ⁰s

95 612 222 675 mortis
238 613 293 675 vel
306 614 417 698 gravis
441 613 640 678 infirmitatis
661 623 836 699 parentum
851 636 909 677 seu
923 615 1159 701 praecipuorum
1175 617 1257 678 ami·
1270 587 1379 636 anona.

104 718 226 775 corum,
254 699 306 762 vel
329 701 435 762 causis
466 699 690 763 consimilibus
718 701 925 786 urgentibus,
949 722 1007 785 per
1032 705 1256 784 juramentum

99 783 295 866 ‚petentium
315 784 507 848 hu'usmodi
531 785 707 863 licentiam,
720 786 756 848 in
780 786 954 872 praesentia
974 785 1185 849 Praesidentis
1204 786 1256 850 vel

103 889 144 930 eo
177 870 316 933 absente
375 871 641 955 icepraesidentiS,
664 881 725 935 aut
758 872 918 935 ambobus
952 872 1144 935 absentibus
1171 873 1256 935 Socii

104 955 248 1018 maxime
263 956 400 1019 senioris
423 968 501 1020 tunc
523 958 559 1021 in
578 957 804 1021 Universitate
819 958 998 1043 praesentis,
1014 958 1111 1020 unius
1128 957 1254 1021 Decani
1354 979 1359 1002 ’-

101 1041 204 1103 vunius
213 1041 457 1128 Dispensatoris
473 1054 532 1107 aut
541 1065 654 1107 eorum
664 1043 903 1129 deputatorum,
914 1054 947 1107 et
958 1042 1100 1107 duorum
1113 1042 1254 1106 aliorum

103 1147 146 1188 ex
162 1137 290 1212 septem
303 1129 446 1193 maxime
461 1130 644 1192 senioribus
653 1139 731 1192 tunc
740 1129 774 1191 in
790 1129 1015 1193 Universitate
1027 1129 1253 1214 presentibus,

102 1211 306 1277 affirmandis
335 1226 370 1278 et
399 1214 635 1301 approbandis.
659 1237 719 1299 per
748 1214 878 1278 eosdem
902 1213 1098 1278 concedatur
1126 1225 1254 1278 certum

98 1307 305 1383 tempusquo
319 1300 434 1364 abesse
450 1310 594 1386 possunt,
607 1299 721 1364 habito
736 1311 888 1385 respectu
898 1301 940 1364 ad
954 1323 1076 1378 causas,
1092 1321 1252 1385 personas,

101 1383 280 1449 intervalla
302 1386 445 1450 locorum
467 1397 502 1450 et
524 1386 784 1449 circumstantias
807 1386 1004 1473 hujusmodi.
1048 1387 1180 1450 Proviso
1203 1397 1252 1465 ut,

100 1479 225 1554 praete'r
239 1482 273 1535 et
288 1471 377 1536 ultra
391 1471 462 1536 dies
480 1473 634 1535 absentiae
649 1471 831 1557 praedictos,
848 1472 934 1536 nulli
948 1471 1040 1536 Socio
1061 1472 1253 1536 concedatur

101 1556 138 1617 in
153 1577 222 1618 una
235 1557 306 1619 viee
319 1557 451 1639 aliquod
466 1558 559 1622 aliud
582 1558 738 1620 absentis
764 1567 894 1643 tempus
919 1558 1007 1622 ultra
1030 1557 1252 1644 quadraginta

99 1652 164 1705 aut
188 1641 233 1706 ad
254 1665 426 1721 summum,
453 1654 488 1709 et
515 1643 550 1706 id
576 1666 618 1707 ex
641 1644 871 1729 urgentissima
895 1667 992 1707 causa
1017 1655 1051 1708 et
1076 1645 1250 1723 rarissima,
1348 1709 1352 1718 ,

98 1750 179 1790 sexa
206 1730 275 1793 ‘nta
291 1729 382 1806 dies3
405 1730 488 1793 nulli
511 1751 587 1792 vero
601 1729 735 1793 scholari
752 1729 839 1794 intra
861 1731 1030 1794 biennium
1048 1730 1253 1815 probationis

99 1823 161 1877 aut
179 1751 343 1901 discipulo
368 1816 456 1879 ultra
475 1815 606 1900 viginti,
622 1826 682 1879 aut
706 1814 750 1879 ad
765 1839 930 1878 summum
954 1816 1101 1900 triginta,
1117 1839 1175 1880 nec
1193 1817 1252 1879 hoc

11 1904 12 1907 ’
99 1899 165 1966 nisi
181 1923 221 1963 ex
235 1901 341 1964 causis
357 1902 591 2000 urgentissimis
604 1911 638 1964 et
655 1900 839 1965 rarissimis.
877 1901 935 1979 Et,
951 1901 1091 1966 durante
1106 1911 1251 1988 tempore

99 1987 203 2050 unius
219 1986 408 2072 huj11smod1
429 1987 675 2073 approbationis
697 1996 731 2050 et
754 1986 906 2064 licentiae,
921 1986 1013 2049 nulla
1027 1986 1154 2049 interea
1177 2009 1251 2051 con·

98 2071 240 2136 cedatur
267 2084 327 2138 aut
356 2076 415 2136 fiat
443 2073 582 2137 ulterior
612 2072 807 2158 approbatio
836 2073 989 2135 absentiae
1018 2071 1177 2156 alicujus:
1216 2083 1250 2136 et

99 2156 268 2222 duntaxat
289 2159 341 2222 bis
364 2159 408 2222 ad
431 2179 597 2222 summum
621 2160 657 2221 in
680 2179 746 2220 uno
770 2156 855 2220 anno
874 2155 943 2241 (uti
969 2156 1146 2243 prefertur
1169 2178 1249 2241 sup-

98 2244 277 2329 putando),
294 2256 329 2308 et
343 2245 378 2308 id
393 2245 455 2308 nisi
470 2267 510 2308 ex
524 2244 752 2330 urgentissima
767 2267 863 2306 causa
885 2254 921 2308 et
943 2243 1118 2321 rarissima,
1134 2242 1249 2329 huJus·

99 2329 191 2394 modi
219 2330 353 2396 licentia
379 2332 437 2394 uni
465 2341 501 2395 et
529 2331 638 2395 eidem
666 2329 869 2394 concedatur.
930 2329 1031 2394 Sociis
1065 2339 1172 2395 tamen
1206 2329 1250 2394 ad

10 2463 15 2486 .
98 2417 294 2500 obsequium
323 2418 427 2503 Regis
464 2426 523 2481 aut
552 2417 706 2501 Episcopi
741 2416 882 2481 evocatis
919 2426 955 2479 et
992 2417 1154 2481 accersitis
1192 2427 1250 2482 aut
1263 2424 1404 2497 Alloyanae

98 2504 276 2587 assumptis
291 2527 351 2589 per
365 2526 423 2567 sex
434 2525 571 2580 menses,
585 2502 619 2565 iu
634 2525 746 2566 eorum
759 2501 946 2588 hujusmodi
960 2502 1125 2584 obsequio,
1135 2503 1249 2567 abesse
1262 2485 1366 2589 ffoffis.

99 2599 297 2673 potestatem
318 2600 352 2653 et
375 2590 540 2653 licentiam
554 2610 614 2673 per
627 2588 809 2673 praedictos,
833 2589 891 2652 sed
914 2588 1016 2653 semel
1040 2587 1200 2653 duntaxat
1215 2589 1249 2652 in
1262 2602 1404 2649 obsonato

98 2674 170 2738 vita
185 2675 244 2737 uni
259 2686 294 2740 et
309 2674 427 2753 eidem,
442 2674 571 2739 concedi
587 2674 818 2758 permittimus.
864 2673 1062 2738 Doctoribus
1077 2696 1205 2757 quoque
1216 2684 1250 2739 et
1261 2660 1373 2707 reuows.

98 2761 326 2825 Baccalaureis
349 2761 521 2847 theologiae
536 2770 571 2824 et
585 2759 755 2845 Magistris
771 2760 931 2846 theologis
952 2760 995 2823 ad
1015 2760 1151 2825 Crucem
1170 2761 1249 2824 Divi
1261 2737 1413 2841 ῌὲῨᾞζζᾎῇ,

99 2846 200 2909 Pauli
217 2858 276 2911 aut
300 2847 477 2932 Hospitale
497 2846 593 2910 Divae
618 2845 731 2909 Marias
755 2846 903 2933 Virginis
918 2845 1062 2909 Londini
1086 2856 1145 2910 aut
1160 2846 1249 2932 apud
1260 2809 1412 2912 inglnLon-

98 2932 343 3019 Westmynster
357 2932 487 3017 publice
500 2931 732 3017 praedicaturis,
747 2954 788 2995 ex
805 2932 865 2995 hac
888 2941 997 2995 nostra
1053 2932 1120 2996 atia
1139 2938 1250 2996 concess
1261 2914 1318 2958 ‘¹⁰¹¹'

99 3017 220 3096 dimus,
231 3028 270 3082 ut
284 3041 396 3082 eorum
407 3018 637 3101 unusquisque,
647 3018 773 3101 quoties
788 3017 831 3081 ad
842 2955 1083 3101 praedicanddm
1094 3018 1127 3079 in
1138 3016 1249 3098 aliquo

98 3103 215 3168 horum
239 3106 340 3169 trium
354 3105 496 3169 locorum
511 3127 584 3168 curn
601 3126 757 3167 consensu
771 3113 806 3169 et
826 3103 1022 3167 auctoritate
1037 3101 1250 3167 Presidentis

10 3219 14 3232 ·
98 3194 152 3253 vel
176 3191 462 3276 Vicepraesidentis
492 3201 527 3255 et
554 3201 743 3254 caeterorum
773 3187 1002 3274 praedictorum
1026 3188 1247 3274 proficiscitur,

98 3276 198 3346 toties
213 3277 324 3344 decem
341 3277 413 3341 dies
428 3278 541 3341 abesse
555 3275 645 3339 licite
659 3274 772 3359 possit,
788 3274 875 3337 ultra
890 3274 960 3337 dies
976 3274 1008 3337 ei
1022 3273 1102 3337 alias
1117 3296 1248 3356 quomo-

96 3362 270 3443 docunque
283 3385 343 3447 per
357 3372 483 3428 statuta
497 3382 659 3427 concessos
674 3369 733 3423 aut
747 3360 930 3446 permissos,
953 3382 1016 3423 non
1040 3360 1247 3424 obstantibus

97 3449 233 3512 statutis
244 3448 501 3531 quibuscunque.
525 3447 713 3513 Histamen
725 3446 1014 3523 nonobstantibus,
1025 3448 1247 3531 permittimus
1260 3480 1402 3542 mavemng

96 3545 137 3598 ut
152 3534 332 3598 Praesideus
347 3545 382 3599 et
395 3541 501 3621 major
522 3556 597 3620 pars
612 3542 739 3618 septem
763 3532 927 3596 Sociorum
947 3535 1108 3596 seniorum
1123 3534 1249 3619 possint
1261 3540 1353 3586 ronow
1364 3554 1393 3589 or

97 3620 240 3698 Sosium,
251 3631 310 3685 aut
318 3643 442 3707 magnae
455 3619 690 3706 expectationis
700 3629 734 3684 et
742 3618 903 3705 praeclarae
912 3618 1030 3683 indolis
1040 3619 1246 3706 discipulum,
1260 3600 1366 3647 nudent.

96 3707 130 3769 in
145 3705 279 3770 ltaliam
292 3717 351 3770 aut
360 3708 461 3772 aliam
472 3708 637 3793 regionem
645 3706 788 3784 mittere,
798 3705 854 3787 qui
865 3706 1004 3770 triennio
1014 3706 1080 3769 illic
1088 3720 1250 3783 moretum

10 3824 23 3865 ς
96 3792 281 3875 habeatque
291 3792 358 3856 illic
369 3794 561 3871 convictum,
570 3801 703 3870 vastem,
712 3792 921 3876 stipendium,
932 3792 984 3855 uti
993 3791 1082 3856 domi
1090 3793 1246 3869 haberet3
1299 3850 1300 3853 ,

97 3901 136 3943 ea
152 3889 264 3942 tamen
279 3878 473 3959 conditione,
489 3888 528 3942 ut
542 3901 577 3943 se
592 3886 626 3941 et
643 3878 724 3941 alios
737 3876 803 3941 fide
817 3876 936 3965 dignos
952 3888 984 3941 et
999 3878 1171 3963 opulentos
1186 3899 1247 3962 per
1317 3939 1321 3947 ,

10 3984 15 4012 2
96 3965 256 4051 scriptum
267 3964 498 4051 obligatorium
510 3965 544 4027 in
552 3963 770 4049 quadraginta
778 3963 871 4027 libris
881 3962 1074 4027 Praesidenti
1088 3962 1247 4048 astringat

96 4060 145 4131 ut,
167 4051 310 4116 triennio
325 4061 448 4130 exacto,
463 4050 577 4114 redeat
601 4050 645 4114 ad
664 4049 861 4135 Collegium,
877 4050 991 4129 inquo
1007 4057 1085 4110 tunc
1099 4048 1128 4110 si
1142 4048 1247 4111 altera

97 4147 193 4201 vacet
203 4137 310 4215 lectio,
323 4148 381 4201 aut
390 4147 504 4222 postea
519 4158 593 4199 cum
607 4136 784 4212 vacaverit,
793 4155 853 4220 per
868 4133 1037 4219 praedictos
1049 4132 1244 4219 assignatus,

10 4278 16 4288 .
95 4224 216 4287 saltem
228 4245 288 4308 per
301 4223 479 4303 triennium
492 4222 561 4286 illic
575 4222 674 4310 legat.
716 4220 851 4285 Proviso
865 4241 992 4305 semper
1007 4226 1044 4282 ut
1061 4240 1144 4283 unus
1159 4219 1247 4285 solus

95 4312 194 4388 absit,
209 4332 275 4377 non
288 4310 411 4395 plures.
