3000 4700
270 215 313 282 48
472 211 608 278 Statmer
621 215 660 297 os
673 208 791 296 Corpus
808 210 928 277 carim
945 211 1071 296 Callope,
1090 211 1220 294 Oasord.

270 384 384 442 utatur
402 377 438 440 in
463 375 550 454 aula,
566 374 694 455 sacello,
710 371 870 452 cubiculo,
898 381 957 438 aut
972 373 1045 437 aliis
1064 372 1143 437 locis
1168 371 1266 456 hujus
1281 371 1423 457 Collegri

108 477 231 524 renatus
270 465 529 546 quibuscunque.
577 461 615 525 Si
629 482 705 525 vero
726 459 889 546 quispiam
909 460 1086 537 Sociorum,
1101 459 1305 534 scholarium,
1321 457 1423 526 disci-

105 536 230 642 ἕψω·
270 549 423 635 pulorum
441 556 498 612 aut
512 547 734 611 ministrorum
746 544 988 630 praedictorum,
1005 545 1037 607 in
1050 545 1228 632 praemissis
1238 545 1289 608 vel
1304 566 1421 608 eornm

164 629 169 641 ’
271 635 380 718 aliquo
402 633 578 719 culpabilis
605 633 801 702 inveniatur,
823 632 931 717 prima
954 633 1022 694 vice
1045 640 1156 694 careat
1185 631 1337 695 convictu
1366 652 1424 715 per

271 720 368 800 diem,
386 717 527 784 secunda
540 739 601 804 per
612 716 761 792 biduum,
775 716 869 781 tertia
879 739 938 803 per
950 715 1105 795 triduum,
1117 726 1233 799 quarta
1247 738 1304 800 per
1319 717 1424 802 septi-

270 828 423 870 manam:
451 814 485 868 et
501 805 545 868 sic
560 803 716 889 deinceps
729 802 782 867 vel
805 802 873 866 bac
896 823 997 888 poena
1019 803 1186 866 convictus
1201 811 1259 865 aut
1282 802 1349 866 alia
1407 824 1424 866 r

273 890 507 956 Praesidentem
523 896 580 954 aut
595 887 907 974 Vicepraesidentcm
922 897 956 952 et
970 910 1072 950 unum
1093 886 1275 965 Domuum,
1293 896 1354 951 aut
1393 889 1423 952 ia

271 977 462 1041 absentibus
485 997 545 1062 per
569 996 680 1039 eorum
700 973 888 1059 deputatos,
913 973 1093 1058 infligenda
1115 982 1150 1036 et
1165 973 1420 1059 augmentanda.

271 1062 506 1140 Veruntamen,
530 1061 559 1123 si
579 1059 732 1124 scholaris
756 1059 798 1123 ad
820 1059 991 1123 biennium
1013 1059 1217 1144 probationis
1242 1071 1298 1124 aut
1321 1059 1421 1123 disci-

270 1149 380 1232 pulus,
406 1149 463 1232 qui
486 1150 518 1212 in
544 1147 652 1230 aliquo
671 1147 912 1233 praemissorum
935 1143 1118 1229 deliquerit,
1138 1145 1233 1208 luerit
1257 1167 1324 1209 non
1345 1167 1422 1228 gra-

271 1233 404 1305 duatus,
416 1234 494 1317 quia
509 1233 543 1295 in
557 1232 620 1296 hoc
634 1232 828 1317 praesentius
841 1230 1021 1296 remedium
1045 1231 1152 1294 afferri
1166 1229 1326 1298 volumus,
1344 1232 1422 1295 talis

270 1321 322 1384 vel
352 1320 544 1384 verberibus
566 1321 757 1404 castigetur,
787 1317 840 1381 vel
868 1315 1031 1404 praedictis
1053 1317 1162 1402 poenis
1191 1329 1251 1382 aut
1281 1317 1355 1380 aliis
1385 1318 1422 1382 in

271 1406 415 1490 capitulo
444 1404 647 1490 praecedente
674 1402 715 1467 de
742 1403 863 1466 divinis
888 1402 1012 1481 officiis,
1037 1403 1079 1465 ad
1104 1401 1276 1466 arbitrium
1303 1403 1422 1467 Praesi·

271 1491 380 1554 dentis
394 1489 446 1554 vel
459 1488 746 1576 Vicepraesidentis
761 1489 909 1553 etunius
926 1489 1052 1551 Decani
1067 1496 1134 1567 aut,
1151 1488 1198 1551 eis
1216 1488 1423 1567 absentibus,

270 1598 384 1641 eorum
400 1576 485 1640 vices
503 1576 536 1638 in
550 1575 807 1639 correctionibus
820 1574 1058 1660 supplentium,
1072 1573 1241 1659 puniatur.

555 1722 636 1807 Cap.
652 1720 707 1785 tl.
730 1722 782 1786 De
795 1720 974 1786 Lectoribns
988 1721 1140 1785 Publicis.

317 1833 395 1897 Non
410 1832 586 1897 conficiunt
600 1851 680 1917 apes
693 1854 710 1892 e
722 1829 928 1915 quibuslibet
936 1829 1068 1894 floribus
1083 1831 1154 1894 sine
1168 1829 1296 1895 delectu
1309 1816 1421 1912 mella,

271 1917 368 1982 sede
391 1918 578 1982 suavissimi
601 1918 757 2003 cujusque
779 1926 814 1979 et
835 1918 952 2001 optimi
968 1915 1078 1980 odoris
1101 1918 1301 2002 saporisque,
1317 1921 1423 2001 quiin

270 2004 344 2090 ipso
369 2005 523 2069 nimirum
546 2012 705 2088 apparent
730 2001 1036 2088 discernunturqne,
1052 2002 1160 2068 melle.
1203 2006 1286 2069 Sunt
1309 2006 1423 2087 itaque

271 2092 369 2154 variis
391 2091 584 2176 regionibus
607 2110 626 2152 e
650 2087 843 2152 diversitate
865 2086 981 2151 florum
997 2088 1088 2152 varia
1108 2087 1216 2163 mella,
1232 2112 1292 2154 nec
1307 2099 1422 2176 potest

259 2175 424 2254 Britania,
440 2175 551 2241 Attica
574 2183 631 2237 aut
655 2172 811 2259 Hyblaea,
833 2173 994 2258 tantisper
1014 2172 1193 2260 producere
1209 2175 1320 2252 mella,
1338 2176 1418 2240 dum

198 2281 261 2389 pun
272 2262 435 2347 melligeri
461 2262 509 2324 illi
540 2259 637 2344 longe
667 2259 777 2322 absint
805 2258 912 2323 flores.
959 2260 1170 2324 Decernimus
1199 2261 1302 2347 igitur
1329 2261 1421 2326 intra

209 2354 246 2389 θ’·
272 2355 418 2411 nostrum
441 2345 616 2411 alvearium
633 2352 700 2409 tres
714 2344 881 2409 herbarios
899 2345 1114 2431 peritissimos
1137 2347 1170 2411 in
1193 2368 1290 2413 omne
1312 2371 1418 2413 aevum

272 2435 474 2503 constituere,
488 2432 545 2517 qui
560 2431 679 2517 stirpes
701 2429 820 2495 herbas
843 2439 914 2495 turn
932 2430 1035 2496 fructu
1050 2440 1122 2495 turn
1142 2455 1205 2498 usu
1217 2436 1420 2534 praestantis·

272 2520 370 2583 simas
393 2519 428 2581 in
452 2539 491 2581 eo
516 2516 670 2603 plantent
695 2526 729 2580 et
755 2525 941 2594 conserant,
955 2525 994 2582 ut
1017 2540 1094 2605 apes
1117 2518 1298 2604 ingeniosa
1313 2541 1332 2584 e
1346 2527 1420 2585 toto

272 2604 452 2691 Gymnaaio
468 2602 649 2668 Oxoniensi
662 2600 872 2667 convolantes
887 2623 927 2667 ex
953 2624 992 2667 eo
1015 2625 1160 2690 exugere
1184 2612 1283 2687 atque
1307 2628 1419 2670 excer-

269 2710 348 2775 pere
377 2695 541 2775 poternnt.
588 2686 686 2763 Quod
718 2710 785 2751 non
811 2696 879 2752 tam
908 2688 987 2774 ipsis
1016 2689 1051 2753 in
1088 2690 1289 2769 alimentum,
1319 2714 1418 2774 quam

269 2773 456 2858 Auglorum
473 2772 688 2838 Universitati
709 2774 742 2835 in
768 2772 982 2852 commodum,
1006 2774 1104 2839 decus
1129 2784 1163 2839 et
1184 2774 1352 2853 bonorem,
1375 2780 1420 2844 ad

271 2860 335 2923 Dei
350 2860 466 2946 optimi
489 2858 619 2923 maximi
643 2856 783 2936 laudern,
799 2868 1000 2924 convertant.
1048 2862 1193 2937 Quorum
1218 2862 1317 2926 trium
1331 2885 1421 2927 unus

106 2977 234 3023 pm,
269 2945 313 3010 sit
330 2944 460 3010 Latinae
476 2945 597 3031 linguae
613 2947 790 3008 seminator
810 2953 844 3008 et
887 2946 1037 3019 lantator‚
1052 2948 1107 3030 qui
1122 2948 1243 3012 Lector
1265 2970 1323 3013 seu
1341 2946 1419 3013 Pro·

106 3038 137 3082 of
147 3037 198 3108 1³,ss-
269 3030 371 3095 sessor
394 3034 512 3095 artium
536 3030 748 3094 humanitatis
775 2967 971 3116 appelletur,
986 3034 1042 3114 qui
1056 3033 1278 3098 barbarieme
1303 3045 1420 3099 nostro

105 3099 209 3154 msmry.
269 3116 412 3182 alveario
463 3139 500 3181 ro
522 3115 607 3181 virili
631 3117 657 3179 si
686 3115 817 3198 quando
844 3116 984 3202 pullulet
1007 3118 1151 3205 extirpet
1174 3129 1209 3186 et
1234 3121 1351 3207 ejiciat,
1381 3145 1420 3186 ac

269 3204 407 3289 singulis
432 3140 549 3267 diebus
572 3201 725 3290 profestis
749 3210 783 3266 et
808 3202 968 3266 intercisis
985 3225 1044 3289 per
1064 3211 1171 3267 toturn
1200 3228 1333 3285 annum,
1357 3228 1419 3293 per

267 3288 431 3375 integram
446 3287 559 3354 horam
575 3295 632 3351 aut
646 3287 783 3367 circiter,
797 3289 860 3351 inei
886 3286 981 3353 iendo
996 3289 1124 3354 circiter
1136 3289 1251 3355 horam
1267 3301 1417 3357 octavam

269 3382 347 3439 ante
364 3373 541 3453 meridiem,
555 3374 588 3435 in
605 3372 681 3437 aula
696 3374 798 3437 nostri
813 3310 955 3459 collegii
970 3383 1030 3438 aut
1052 3376 1126 3439 alibi
1148 3376 1218 3441 loco
1232 3379 1366 3463 publico
1381 3381 1417 3445 in

271 3458 503 3538 Universitate,
518 3460 546 3522 si
560 3459 608 3522 ita
620 3458 769 3523 videatur
785 3458 981 3524 Praesidenti
996 3469 1030 3523 et
1046 3464 1161 3547 majori
1185 3463 1270 3550 parti
1287 3486 1323 3528 se
1348 3473 1417 3529 tem

270 3544 445 3623 seniorum,
468 3543 598 3630 publice
620 3543 711 3628 legat
734 3554 769 3608 et
795 3543 936 3609 dilucide
963 3546 1032 3611 inte
1074 3555 1198 3612 retetur
1226 3487 1349 3633 aliquid
1375 3550 1418 3615 de

108 3644 251 3697 Annona>
271 3628 463 3713 subscriptis
479 3629 675 3701 auctoribus,
686 3629 847 3706 videlicet,
858 3630 912 3695 die
922 3569 1207 3710 Lunaesllereurii
1222 3634 1415 3715 etVeneris,

107 3704 220 3811 mg„
270 3714 473 3792 Ciceronem,
499 3714 531 3777 in
553 3712 726 3800 Epistolis,
750 3714 955 3780 orationibus
978 3717 1028 3781 vel
1055 3718 1189 3795 Officiis,
1210 3719 1415 3803 Sallustium,

140 3864 165 3875 Α,
221 3794 228 3807 ’
271 3798 438 3862 Valerium
461 3798 640 3862 Maximum
662 3806 719 3863 aut
736 3799 927 3865 Suetonium
944 3802 1184 3888 Tranquillum,
1198 3828 1259 3893 pro
1277 3808 1418 3895 praedic·

271 3892 378 3949 torum
393 3883 607 3949 Praesidentis
623 3895 655 3949 et
675 3885 839 3950 seniorum
853 3888 999 3966 arbitrio,
1014 3889 1259 3976 interpretetur.
1305 3894 1418 3972 Quum

270 3979 379 4035 autem
396 3970 560 4034 auditores
574 3972 622 4034 ita
638 3972 670 4033 in
686 3970 738 4035 bis
781 3973 952 4038 rofecerint
969 3983 1007 4040 nt
1020 3976 1211 4043 sublimiora
1224 3980 1361 4066 cupiant
1383 3993 1418 4048 et
1471 4046 1496 4059 ,,

269 4056 396 4141 possint
417 4057 643 4135 conscendere,
667 4077 704 4120 ac
727 3994 976 4123 idPraesidenti
990 4068 1024 4127 et
1039 4063 1222 4127 senioribus
1236 4065 1415 4152 praedictis,

270 4164 307 4205 ac
321 4151 480 4229 praeterea
501 4143 617 4229 majori
632 4143 719 4231 parti
734 4143 931 4223 auditorum,
951 4147 1117 4212 videbitur
1130 4150 1320 4230 conducere,
1337 4160 1417 4218 tunc

271 4227 413 4291 Plinium
428 4228 462 4291 in
479 4228 631 4293 Historia
646 4230 811 4306 Naturali,
826 4230 969 4309 Livium,
981 4232 1171 4298 Ciceronem
1184 4236 1238 4300 De
1253 4238 1346 4313 Arte,
1364 4239 1416 4304 De

267 4313 408 4376 Oratore
422 4314 475 4377 vel
490 4313 738 4388 Partitionibus,
755 4315 952 4394 Quintiliani
970 4314 1219 4385 Institutionem
1231 4323 1417 4389 Oratoriam
1484 4348 1494 4373 ¹

268 4396 322 4461 vel
334 4398 609 4474 Declamationes,
618 4401 671 4466 vel
685 4400 777 4467 aliud
792 4401 981 4489 hujusmodi
997 4404 1171 4493 excelsum,
1182 4408 1417 4495 praedictorum

108 2281 188 2328 'l'hree

107 2340 140 2387 lin
150 2341 198 2388 Pro

106 2412 167 2448 1οη.
