3000 4700
309 207 445 276 &ututur
459 211 498 294 os
510 206 628 292 Corpus
646 207 765 274 onnia·
783 209 909 294 Coiieqc,
930 212 1059 293 Offord.
1215 211 1259 274 99

267 411 349 498 Cap.
367 413 420 476 50.
444 414 498 477 De
505 415 664 498 punitione
679 417 712 477 in
727 416 895 480 minoribns
909 417 1095 481 criminibus.

148 549 254 614 Sicuti
271 570 313 612 ex
328 549 475 612 'scintilla
498 549 688 634 plerumque
704 550 857 636 neglecte
882 550 1068 616 accenditur
1092 551 1179 638 ignis
1201 553 1260 636 qui

102 633 388 735 splendidissimas
408 634 673 735 incendat-redes,
689 637 738 700 ita
753 658 794 700 cx
809 636 928 701 delicto
951 639 1115 724 impunito
1130 639 1258 703 ereber-

103 743 187 785 rime
202 721 246 786 ed
255 721 478 807 perpetranda
488 721 619 808 flagitia
630 722 746 788 crescit
761 723 906 788 audacia.
940 725 1047 802 Quam
1060 732 1099 788 ut
1114 747 1134 790 a
1148 734 1259 790 nostro
1273 750 1376 796 punish.

0 861 5 877 .
104 807 316 872 excludamus
328 807 488 892 Collegio,
502 809 678 872 statuimus
694 817 731 873 ut
745 810 774 872 si
785 810 858 893 quis
873 810 995 890 SociuS,
1011 811 1176 886 scholaris
1193 811 1258 875 dis·
1272 814 1351 856 ments
1361 810 1401 856 for

103 894 234 980 cipulus
249 902 306 959 aut
323 895 480 972 minister,
496 896 617 959 crimen
631 895 685 959 vel
699 895 855 960 delictum
871 896 1005 1045 aliquod
1021 897 1061 960 de
1078 898 1257 962 levioribus
1270 870 1383 974 iiiiii„
1413 973 1424 994 ο

104 980 315 1054 commiserit,
325 980 366 1044 de
381 1003 446 1064 quo
458 981 675 1066 probabiliter
688 1003 795 1045 eoram
811 982 910 1046 Praesi
935 990 1012 1046 ente
1029 983 1080 1047 vel
1094 983 1175 1048 Vice
1201 1007 1257 1047 rae·

105 1066 236 1132 sidente
260 1075 294 1131 et
316 1089 383 1130 uno
407 1065 614 1131 Decanorum
629 1067 729 1131 fuerit
752 1069 928 1141 convictus,
944 1069 1047 1132 veluti
1067 1006 1259 1134 inobedien-

105 1153 189 1217 tiam
213 1175 280 1217 non
303 1154 512 1238 pertinacem,
537 1164 595 1218 aut
620 1154 866 1220 irreverentiam
892 1177 1098 1239 nequaquam
1124 1178 1259 1242 gravem

104 1248 221 1304 contra
251 1238 487 1304 Praesidentem
517 1240 569 1304 vel
593 1239 912 1325 Vicepraesidentem,
940 1253 994 1304 aut
1021 1250 1134 1306 contra
1160 1265 1258 1307 suum

106 1326 278 1398 seniorem,
309 1325 381 1388 sive
405 1325 555 1412 jurgium
590 1326 688 1390 breve
716 1326 769 1391 vel
798 1328 934 1392 verbum
971 1327 1158 1393 indecorum
1187 1351 1259 1392 cum

0 1454 4 1467 ·
105 1411 397 1500 Vicepraesidente,
414 1413 568 1490 Decanis,
584 1411 878 1499 Dispensatoribus
893 1413 947 1476 vel
970 1414 1044 1478 aliis
1067 1415 1180 1494 Sociis,
1202 1438 1258 1479 seu

10 2060 13 2075 .
106 2023 223 2102 postea
236 2017 272 2080 in
287 2015 403 2080 eodem
416 2016 469 2080 vel
484 2016 646 2081 consimili
659 2016 705 2079 sic
720 2017 842 2079 iterum

105 1497 189 1563 levis
204 1498 371 1563 contentio
389 1519 450 1582 per
464 1520 541 1562 eum
556 1498 691 1563 indicto
707 1498 856 1585 Collegio
866 1500 918 1565 vel
934 1509 1029 1565 extra
1046 1502 1145 1565 fuerit
1160 1502 1259 1565 susci·
1272 1503 1302 1544 ὓ

107 1591 190 1657 tata,
207 1585 259 1649 vel
282 1585 347 1648 alio
367 1583 465 1649 modo
488 1584 606 1649 leviter
627 1586 801 1649 excesserit
825 1608 883 1650 seu
899 1585 1084 1671 deliquerit,
1099 1610 1158 1673 per
1172 1587 1260 1670 quod

149 1693 210 1735 ave
235 1669 425 1736 scandalum
451 1671 517 1735 sibi
538 1671 590 1735 vel
614 1670 764 1757 Collegio
788 1673 922 1736 minime
947 1684 1131 1759 generetur,
1148 1674 1177 1738 is
1199 1696 1260 1760 per
1354 1735 1358 1742 .

107 1692 343 1822 ig'laesidentem
356 1756 409 1821 vel
423 1755 734 1843 Vicepraesidentem
749 1759 946 1845 corripiatur
962 1759 1003 1823 de
1018 1761 1200 1839 commisso,
1215 1770 1259 1838 et,

106 1845 170 1908 sub
185 1866 289 1930 poena
310 1843 544 1908 subtractionis
560 1866 629 1908 suae
651 1865 693 1907 ex
708 1843 859 1930 Collegio
875 1846 1136 1923 sustentationis,
1151 1869 1261 1910 mone-

106 1937 183 1994 atur
208 1937 336 1995 attente
360 1951 402 1994 ne
426 1937 543 2016 postea
568 1929 650 1994 talia
675 1938 838 1994 attentare
858 1938 1053 2078 (praesumat.
1109 1931 1209 2002 Quod
1234 1933 1262 1995 si

880 2017 1035 2098 elinquat,
1049 2017 1077 2079 si
1091 2018 1123 2080 in
1139 2018 1261 2081 nostris

107 2104 245 2168 statutis
259 2103 340 2168 alibi
349 2103 391 2166 de
406 2101 595 2189 hujusmodi
609 2102 751 2182 crimine,
764 2101 891 2181 delicto,
908 2103 959 2165 vel
975 2122 1072 2187 poena
1085 2125 1145 2188 pro
1161 2125 1200 2167 eo
1211 2105 1261 2167 in·

107 2187 266 2276 digenda,
284 2197 343 2253 aut
366 2189 561 2272 adquorum
587 2189 760 2252 arbitrium
782 2209 842 2274 pro
868 2211 906 2251 eo
923 2189 1033 2274 puniri
1059 2187 1188 2267 debeat,
1205 2212 1261 2253 ex·

107 2298 224 2363 pressa
244 2276 366 2340 mentio
381 2275 467 2362 facta
489 2275 601 2349 fuerit,
617 2283 696 2339 tunc
719 2273 895 2338 secundum
918 2275 1118 2361 exigentiam
1142 2297 1259 2340 eorun-

108 2364 185 2428 dem
200 2364 357 2449 puniatur
371 2370 404 2426 et
418 2362 606 2447 castigetur.
652 2360 748 2435 Quod
764 2362 793 2424 si
809 2364 844 2424 in
868 2361 1000 2439 eisdem,
1019 2362 1059 2427 de
1074 2362 1261 2450 hujusmodi

108 2450 230 2514 delicto
245 2450 298 2514 vel
312 2470 419 2535 poena,
443 2470 599 2534 expressa
618 2448 745 2511 mentio
761 2448 846 2512 lacta
868 2470 934 2512 non
953 2448 1051 2514 fuerit
1069 2450 1262 2534 adquorum

109 2536 282 2601 arbitrium
303 2558 364 2621 pro
387 2556 426 2599 eo
448 2534 561 2620 puniri
583 2533 715 2611 debeat,
731 2541 811 2598 tune
833 2533 1013 2598 secundum
1039 2558 1207 2600 excessum
1229 2546 1263 2599 et

109 2622 224 2687 delicti
234 2623 453 2706 quantitatem
468 2619 652 2684 Praesidens
665 2620 717 2682 vel
731 2620 1002 2705 Vieepraesidens,
1016 2644 1088 2687 cum
1103 2644 1262 2687 consensu

110 2712 209 2773 unius
225 2708 360 2786 Decani,
376 2730 454 2772 eum
476 2707 619 2792 corrigat
633 2706 815 2791 puniatque
830 2729 891 2793 pro
914 2708 1100 2788 commissis
1116 2732 1175 2795 per
1188 2730 1263 2771 con-

110 2797 216 2860 victus
240 2794 282 2859 ad
307 2802 439 2879 tempus
468 2792 735 2865 subtractionem,
760 2793 813 2856 vel
840 2793 874 2857 in
899 2793 974 2857 aula
1000 2804 1037 2858 ut
1062 2796 1160 2874 solus
1184 2794 1264 2858 dum

109 2883 220 2946 caeteri
232 2879 516 2967 prandeant,solo
539 2900 624 2965 pane
648 2885 683 2941 et
705 2887 798 2964 potu,
816 2887 849 2942 et
868 2881 1064 2963 quandoque
1088 2882 1156 2944 sola
1179 2902 1264 2963 aqua

111 2990 184 3032 cum
199 2990 285 3054 pane
300 2966 469 3052 appositis,
487 2964 610 3038 sedeat,
627 2972 683 3028 aut
698 2988 754 3113 por
769 2966 1006 3050 injunctionem
1023 2974 1061 3029 ut
1076 2965 1264 3052 perborum

112 3054 166 3118 vel
178 3054 287 3131 horas,
307 3075 381 3117 cum
404 3054 537 3115 minime
552 3052 661 3127 vellet,
679 3050 806 3136 siquid
831 3051 952 3115 scribat
968 3059 1024 3115 aut
1043 3061 1216 3136 componat
1231 3051 1264 3115 in

112 3140 339 3217 Bibliotheca3
355 3137 444 3223 quod
465 3139 597 3222 quidem
619 3138 779 3222 scriptum
795 3138 838 3201 sit
878 3145 986 3201 aratus
1002 3135 1264 3201 ostendere-eum

112 3227 261 3313 praedicti
280 3225 439 3296 'usserint
456 3247 499 3288 ne
511 3232 658 3288 conterat
670 3231 811 3308 tempus.
851 3160 1059 3307 iniquidem
1070 3223 1266 3309 injunctioni

112 3314 143 3377 si
157 3334 223 3377 non
238 3251 453 3378 edenualiter
475 3310 631 3397 paruerit,
645 3318 806 3396 augeatur
828 3331 925 3394 poena
947 3331 1007 3395 pro
1029 3308 1264 3385 inobedientia.

112 3400 204 3475 Quas
217 3421 329 3486 poenas
344 3405 402 3462 aut
416 3397 629 3462 correctiones
640 3395 813 3482 culpabilis
829 3398 863 3459 in
878 3418 918 3459 ea
929 3404 1036 3482 parte,
1053 3397 1176 3481 absque
1192 3419 1267 3461 con-

113 3486 328 3563 tradictionis,
336 3484 570 3570 bppellationis
581 3483 633 3547 vel
642 3482 793 3565 querelae,
805 3482 983 3561 obstaculo,
995 3482 1030 3545 in
1042 3483 1166 3547 virtute
1176 3490 1266 3570 jura·

114 3574 217 3638 menti
230 3572 389 3637 sustineat
404 3570 580 3657 patienter.
627 3570 752 3633 Verum
767 3570 794 3632 si
809 3576 924 3654 postea
938 3570 1005 3632 haec
1019 3569 1134 3635 eadem
1149 3593 1267 3657 perpe·

114 3659 261 3730 traverit,
285 3658 388 3723 scrius
413 3667 526 3721 contra
546 3677 621 3720 eum
638 3654 845 3741 procedatur,
869 3664 968 3741 prout
991 3655 1024 3719 in
1048 3657 1122 3721 aliis
1148 3659 1268 3721 nostris

114 3746 249 3811 statutis
268 3745 399 3831 plenius
413 3745 610 3819 continetur,
624 3742 746 3826 quibus
767 3762 828 3827 per
847 3741 907 3806 hoc
929 3752 1078 3807 nostrum
1105 3752 1268 3808 statutum

0 3871 2 3878 ·
113 3832 267 3898 nolumus
288 3833 324 3895 in
344 3830 453 3914 aliquo
477 3828 640 3915 derogari,
655 3827 712 3891 sed
738 3828 810 3914 ipsa
833 3827 866 3890 in
893 3851 953 3892 suo
977 3829 1094 3894 robore
1118 3830 1269 3893 volumus

111 3939 313 4005 permanere.

115 4070 198 4157 Cap.
215 4069 269 4132 51.
293 4069 346 4132 Dc
365 4069 567 4135 subtractione
580 4066 628 4129 vel
646 4066 844 4167 diminutione
867 4067 1027 4140 convictus,
1042 4064 1104 4126 sive
1117 4065 1271 4147 pensionis

582 4163 801 4238 momnmctn.
1123 4198 1130 4211 .

159 4265 371 4333 Convictores
387 4286 407 4327 a
421 4262 584 4340 convictu,
602 4262 683 4347 quia
699 4260 797 4325 simul
814 4261 931 4325 vivunt
955 4266 989 4323 et
1005 4257 1148 4337 aluntur,
1165 4258 1270 4322 dictos

115 4356 338 4421 arbitremur:
361 4373 443 4435 quos
468 4350 504 4412 in
526 4356 638 4413 nostro
668 4347 809 4412 alveario
837 4354 905 4409 tam
930 4344 991 4408 diu
1018 4366 1091 4407 csse
1118 4344 1270 4409 volumus

0 4477 3 4484 >
113 4463 215 4527 quem
230 4439 287 4503 diu
310 4460 346 4502 se
367 4446 406 4501 ut
428 4438 522 4500 decet
548 4441 686 4520 gerant:
709 4432 907 4497 eontrarium
931 4430 1090 4495 iacientes
1110 4431 1272 4515 usquead

641 4520 727 4601 (m)
1081 4518 1140 4580 sn
