3000 4700
303 194 490 277 81010100]
502 189 757 298 0011010101ἰί
775 186 901 276 Colleye,
923 190 1050 276 Oasorvt
1212 191 1255 254 39

416 403 499 491 Cap.
517 403 566 471 17.
591 406 644 469 De
646 405 787 488 famulis
807 404 946 490 Colleyir‘.

139 523 191 604 Ut
199 526 291 590 intus
301 536 478 612 operentur
488 527 630 590 mellifici
641 549 700 591 nce
711 534 887 590 evocentur
895 526 937 590 ad
949 526 1035 605 vilia,
1045 524 1251 594 decernimus

97 618 136 674 ut
159 611 227 676 sint
251 612 383 697 quidam
404 614 446 677 ab
461 635 560 699 opere
582 613 733 677 mellifico
756 611 851 676 liberi
867 622 901 677 et
926 612 998 677 aliis
1013 613 1177 699 obsequiis
1193 613 1249 679 de·

97 695 170 762 diti.
193 698 432 777 Veruntamen,
443 700 471 763 si
479 699 644 784 quispiam
656 719 768 762 eorum
783 698 950 764 mellifluos
965 698 1104 763 voluerit
1116 699 1246 773 imitari,

1 858 4 865 Δ
97 780 262 866 duplicem
284 784 463 849 merebitur
483 805 644 850 coronam.
679 783 839 847 Volumus
868 784 970 870 igitur
994 794 1032 848 ut
1064 783 1379 856 Praesidensrwossr.

1 870 5 890 '
98 865 182 931 duos
198 868 321 934 habeat
346 870 484 934 famulos
499 891 540 935 ex
564 869 705 955 Collegii
728 870 894 955 impensis,
914 870 1053 933 alterum
1068 871 1123 952 qui
1146 893 1247 955 equos
1258 872 1330 971 {3:¹¹1}
1340 869 1380 972 1οἷ

96 961 189 1016 curet
202 963 238 1018 et
252 955 284 1018 ei
298 956 467 1029 inserviat,
479 957 616 1020 alterum
631 956 686 1039 qui
701 955 732 1019 ei
748 954 783 1017 in
799 955 939 1040 singulis
955 956 1118 1038 obsequiis
1128 957 1172 1020 sit
1187 979 1243 1042 pa·
1258 941 1391 1032 ossam·

98 1047 190 1102 ratus
206 1049 239 1114 et
254 1041 430 1127 diligenter
444 1041 627 1106 intendens.
671 1040 818 1114 Quorum
838 1041 1066 1106 admissionem
1080 1048 1114 1105 et
1129 1043 1247 1128 expul-

97 1125 223 1190 sionem
250 1127 387 1191 arbitrio
406 1126 617 1192 Praesidentis
639 1127 880 1193 committimus.
917 1127 1078 1191 Volumus
1093 1127 1191 1190 etiam
1206 1137 1388 1194 1111111111-

98 1211 142 1273 sit
159 1232 243 1274 unus
257 1213 441 1302 obsonator,
458 1215 527 1278 sive
549 1223 586 1278 ut
609 1213 779 1298 appellant
794 1212 1000 1298 mancipium,
1015 1213 1071 1296 qui
1090 1233 1133 1276 ex
1149 1214 1245 1298 jussu
1257 1197 1331 1256 ⁰¹9¹*

101 1296 384 1382 Dispensatorum,
397 1299 534 1386 singulis
544 1299 659 1372 diebus
671 1307 706 1362 et
715 1298 805 1362 horis
815 1298 1020 1384 opportunis,
1033 1305 1120 1363 emat
1129 1309 1164 1362 et
1171 1321 1246 1385 pro-

97 1380 211 1460 videat
225 1385 409 1448 necessaria
421 1390 463 1449 ad
478 1387 652 1463 convietus,
664 1394 699 1448 et
712 1383 746 1447 in
760 1384 845 1462 aula,
856 1385 989 1469 panario
1001 1406 1037 1448 ac
1049 1385 1188 1470 potario,
1201 1387 1247 1450 sit

98 1468 314 1551 obsequiosus
324 1480 362 1534 ut
375 1472 547 1554 unicuique
561 1469 664 1534 nostri
677 1469 819 1556 Collegii
828 1471 918 1555 juste
929 1477 961 1532 st
972 1491 1065 1555 aeque
1077 1470 1246 1538 serviatur.

99 1553 150 1616 Sit
161 1559 263 1617 etiam
279 1558 342 1620 sub
357 1557 518 1642 mancipio
532 1578 617 1620 unus
629 1555 685 1640 qui
697 1557 852 1641 panarius
864 1565 920 1619 aut
935 1557 1088 1642 pincerna
1099 1565 1247 1637 vocetur,

97 1640 156 1721 qui
179 1661 309 1725 semper
335 1644 380 1716 sit
401 1642 519 1706 caelebs
542 1649 577 1706 et
602 1664 663 1707 non
689 1644 892 1727 conjugatus,
913 1642 970 1728 qui
995 1642 1027 1705 in
1049 1641 1187 1727 prandio
1211 1653 1247 1708 et

97 1747 193 1790 coena
208 1727 361 1791 omnibus
377 1728 481 1794 nostri
497 1727 637 1813 Collegii
651 1726 828 1812 diligenter
843 1727 1010 1800 inserviat,
1027 1736 1061 1790 et
1076 1736 1243 1812 pras-terea,

97 1811 232 1893 reliquis
254 1810 343 1876 horis
368 1821 400 1877 et
421 1815 623 1900 temporibus
638 1835 657 1875 a
674 1811 869 1877 Presidente
894 1821 951 1878 aut
965 1811 1245 1898 Vicepraesidente

95 1898 274 1988 praeceptis
289 1906 323 1963 et
337 1900 524 1984 assignatis,
541 1897 584 1962 ad
598 1897 853 1962 inhabitantium
869 1900 1079 1963 necessitates
1094 1906 1129 1962 et
1143 1899 1246 1963 studii

97 1983 256 2048 minorem
268 1982 517 2050 diminutionem
533 1984 705 2049 ministret.
753 1985 793 2046 ln
807 1984 912 2048 culina
927 1985 970 2047 sit
983 1991 1143 2069 praeterea
1157 2007 1244 2050 unus
1257 2007 1349 2055 00011.

1 2071 2 2074 ’
98 2069 286 2218 principalis
301 2091 432 2154 coquus,
447 2071 551 2156 quiin
572 2070 643 2134 soro
665 2077 699 2134 et
714 2068 796 2133 alibi
810 2070 970 2154 mancipio
991 2069 1025 2130 in
1049 2068 1244 2134 victualibus

98 2176 192 2220 emen
219 2157 247 2218 is
262 2165 301 2220 ut
316 2157 383 2220 sint
398 2158 542 2221 salubria
559 2157 699 2226 assistat,
717 2162 752 2217 et
766 2168 879 2238 postea
893 2176 936 2218 ex
949 2161 1069 2218 natura
1083 2151 1196 2218 ordine
1210 2163 1245 2220 et

98 2235 262 2324 qualitate
276 2243 323 2306 rei
338 2251 508 2328 praeparet.
557 2243 599 2304 Et
614 2241 675 2305 sub
698 2239 759 2304 hoe
780 2238 954 2325 principali
968 2261 1070 2322 coquo
1089 2239 1133 2303 sit
1149 2239 1243 2322 alter,

96 2328 154 2410 qui
176 2328 364 2415 subcoquus
385 2337 526 2404 vocetur,
549 2328 616 2415 qui,
632 2327 798 2413 superiore
813 2348 915 2410 eoquo
938 2326 1074 2391 absente
1089 2347 1126 2390 ac
1141 2327 1243 2392 etiam

97 2437 136 2479 eo
151 2426 326 2500 praesente,
343 2424 514 2503 promptus
529 2415 572 2478 sit
587 2423 620 2477 et
635 2414 840 2477 mediocriter
854 2412 981 2500 peritus
1004 2411 1045 2476 ad
1062 2414 1173 2479 omnia
1185 2436 1243 2478 ne-

97 2501 241 2563 cessaria
269 2500 425 2587 paranda.
495 2502 546 2563 Sit
574 2499 670 2564 etiam
697 2501 819 2585 janitor
848 2499 905 2582 qui
934 2498 1022 2562 idem
1051 2499 1095 2564 sit
1121 2508 1241 2575 tonsor,
1255 2510 1406 2560 morarer.

97 2586 216 2651 caelebs
232 2595 267 2650 et
278 2610 342 2650 non
359 2593 561 2673 conjugalus,
576 2586 604 2649 si
617 2584 804 2670 hujusmodi
816 2584 982 2650 commode
993 2583 1110 2649 haberi
1123 2594 1241 2651 010011-

96 2672 176 2735 duci
187 2674 301 2756 possit,
313 2674 368 2757 qui
385 2674 476 2739 ostiis
488 2681 521 2736 et
531 2671 635 2757 portis
647 2670 837 2735 claudendis
849 2679 882 2735 et
893 2670 1077 2770 aperiendis
1088 2673 1239 2756 tempori-

1 2828 3 2847 ,
96 2758 163 2822 bus
194 2758 314 2821 debitis
344 2759 520 2845 diligenter
554 2757 715 2822 intendat.
776 2758 845 2830 Qui
874 2766 973 2821 etlam
998 2755 1241 2835 Praesidentem,

96 2842 418 2929 Vicepraesidontem,
443 2852 478 2909 et
497 2843 637 2926 reliquos
654 2864 767 2905 omnes
783 2844 816 2906 in
834 2842 981 2927 Collegio
996 2853 1242 2921 commorantes,

98 2940 248 3015 tempore
264 2929 374 2993 debito
389 2929 486 2995 radat
511 2936 543 2993 et
559 2928 704 3006 tondeat,
721 2950 758 2991 00
781 2929 881 2991 etiam
895 2949 1006 2991 cereos
1021 2950 1079 3014 pro
1094 2927 1243 3012 Collegio

98 3016 298 3080 necessarios
314 3015 462 3081 conficiat
477 3015 531 3080 vel
551 3017 619 3079 suis
634 3016 785 3100 expensis
811 3014 925 3077 confici
948 3013 1058 3092 faciat,
1073 3013 1100 3075 si
1114 3012 1150 3075 id
1166 3012 1241 3076 Col·

96 3103 188 3187 legio
207 3101 358 3167 videatur
372 3102 462 3166 utile.
511 3100 563 3164 Sit
576 3116 745 3186 praeterea,
761 3099 891 3181 quando
904 3106 937 3162 01
952 3099 1080 3181 quoties
1093 3098 1242 3161 videatur
1255 3116 1330 3163 clerk
1340 3116 1371 3162 or

97 3188 352 3253 commodumst
373 3186 552 3274 expediens
570 3184 775 3262 l'raesidenti,
793 3184 1063 3269 Vicepraesidcnti
1077 3189 1111 3245 et
1126 3175 1385 3269 100101100000100·

97 3274 188 3359 parti
213 3283 339 3360 septem
357 3277 527 3352 seniorum,
549 3294 633 3335 unus
648 3271 783 3335 clericus
797 3269 949 3353 computi,
969 3267 1124 3353 providus
1147 3278 1181 3331 et
1207 3271 1241 3331 in

1 3430 2 3439 χ
99 3361 195 3423 curiis
210 3358 363 3424 tenendis
378 3367 412 3422 et
427 3358 588 3445 computis
603 3356 776 3420 audiendis
792 3362 826 3419 et
840 3353 1021 3418 scribendis
1036 3360 1193 3437 expertus
1208 3362 1242 3418 et

97 3446 307 3510 exercitatus.
345 3446 418 3509 Sint
436 3443 471 3508 hi
490 3465 600 3507 omnes
615 3463 801 3505 communes
815 3439 941 3512 famuli,
956 3447 991 3502 et
1004 3438 1047 3503 ad
1070 3438 1239 3504 arbitrium
1254 3454 1369 3501 sermo

100 3530 312 3597 Praesidentis
327 3539 385 3594 0111
397 3552 435 3595 00
447 3531 584 3593 absente
599 3524 896 3612 Vicepraesidentis,
912 3547 984 3589 oum
1000 3524 1243 3608 consiliobunins
1254 3513 1404 3560 removebis.

99 3616 353 3704 Dispensatoris,
370 3613 572 3680 conducendi
589 3623 647 3678 aut
661 3634 773 3677 eorum
792 3611 917 3698 judicio
931 3610 1124 3677 removendi.
1170 3613 1244 3677 Sint

123 3718 258 3767 raeterea
278 3701 311 3765 hi
332 3724 445 3766 omnes
465 3700 611 3778 maseuli,
634 3720 740 3763 eoram
765 3696 966 3762 Praesidente
981 3704 1041 3762 aut
1061 3720 1099 3760 00
1114 3699 1244 3763 absente

98 3727 379 3875 bicepraesidente
395 3811 463 3852 cnm
478 3786 608 3852 duobus
624 3786 732 3862 Sociis,
743 3783 849 3867 jurati
863 3785 904 3847 ad
919 3792 1045 3848 secreta
1059 3783 1204 3872 Collegii
1217 3785 1245 3847 si

97 3900 172 3959 quae
197 3874 362 3939 audierint
384 3895 451 3937 non
474 3872 669 3948 revelanda3
691 3869 843 3957 quodque
862 3872 961 3935 etiam
981 3871 1090 3933 omnia
1103 3893 1176 3954 quse
1200 3868 1244 3933 ad

99 3984 160 4027 sua
175 3962 316 4025 attinent
332 3961 435 4025 officia
448 3959 533 4023 bene
548 3967 581 4023 et
597 3957 747 4035 fideliter,
764 3979 855 4039 aeque
871 3957 1013 4041 etjuste,
1029 3963 1243 4036 exequentur,

97 4050 167 4112 sine
189 4046 315 4125 fraude,
346 4045 535 4132 deceptione
558 4051 617 4108 aut
642 4043 746 4107 colere
770 4042 886 4124 aliquo.
942 4042 986 4104 111
1006 4041 1160 4124 quoniam
1178 4060 1245 4103 non

98 4134 207 4199 solent
225 4133 260 4197 in
282 4133 505 4197 Universitate
528 4131 651 4195 habere
675 4128 837 4193 masculos
860 4128 993 4203 lotorcs,
1018 4147 1077 4188 nec
1097 4133 1390 4244 1111011101ἓέἑο

1353 4231 1369 4258 ‘r

99 4220 238 4285 eandem
252 4219 402 4284 lotricem
418 4217 579 4281 faeminam
592 4213 651 4280 sed
667 4216 782 4283 varias,
798 4236 853 4277 eas
870 4212 950 4276 tales
965 4216 1037 4275 esse
1057 4231 1117 4296 pro
1133 4222 1245 4276 nostro

99 4306 261 4391 Collegio,
277 4306 390 4383 Sociis,
405 4302 607 4367 scholaribus
623 4323 660 4365 ac
674 4298 842 4385 discipulis
858 4297 1014 4384 ejusdem,
1030 4295 1190 4375 volumus,
1207 4304 1247 4362 111

99 4393 192 4473 nulla
208 4392 343 4457 sinistra
353 4390 493 4479 suspicio
508 4391 542 4452 in
559 4410 614 4452 eas
630 4385 848 4459 verisimiliter
857 4383 971 4447 cudere
986 4382 1099 4468 possit.
1145 4386 1193 4447 Ae
1208 4391 1247 4447 ut
