3000 4700
307 209 441 284 Stotutm
455 212 493 292 of
506 208 621 294 Corpus
639 208 759 302 Christi
777 208 901 294 Collcqe,
923 210 1050 296 chord.
1209 215 1253 282 33

99 367 282 434 Exoniensi
300 369 377 438 duc.
403 369 445 436 In
457 371 616 437 comitatu
633 366 812 438 Lincolniae
826 371 903 438 duo.
941 372 982 437 In
998 374 1153 440 comitatu
1170 375 1252 442 Glo-

98 457 225 518 cestriae
242 457 405 543 praecipue
420 458 503 522 duo:
528 458 562 522 iu
582 480 649 544 quo
672 457 805 558 quidem
828 459 986 524 comitatu
1011 461 1086 525 siin
1105 469 1252 549 tempore

98 540 266 605 electionis
282 565 346 606 non
362 545 569 630 reperiantur
583 544 693 607 idonei
702 550 801 630 juxta
817 544 1011 631 eligentium
1024 548 1249 626 conscientias,

99 635 179 689 ωηο
196 630 237 692 de
260 628 347 692 natis
362 630 395 691 in
415 629 547 693 dioecesi
569 630 781 715 Vigornieusi
805 631 981 717 eligantur.
1029 633 1067 695 ln
1092 637 1248 699 comitatu
1271 677 1276 684 -

100 712 203 776 Wilts
241 715 381 799 raecipue
393 737 494 780 unus:
519 723 551 779 et
567 717 595 779 si
608 716 643 780 in
658 739 697 780 eo
709 737 775 782 non
791 715 994 781 inveniantur
1004 715 1135 799 habilis,
1146 721 1249 806 eliga-

1 873 2 878 η
98 799 199 862 turin
212 735 478 864 dicecesiSarum.
510 801 548 864 In
558 801 713 866 comitatu
728 799 912 868 Bedtordiae
923 825 1016 869 unus.
1042 805 1081 867 1η
1093 806 1248 870 comitatu

98 883 314 950 Cantiaeduo.
339 883 547 950 Incomitatu
560 887 757 952 Lancastriae
768 910 864 966 unus.
892 887 932 952 In
943 890 1101 954 comitatu
1112 889 1248 958 Oxouiae

97 991 197 1036 unus.
236 971 367 1035 Horum
382 972 731 1059 autemdiscipulorum
742 975 993 1038 nominationem
1008 983 1042 1038 et
1057 975 1246 1043 electionem
1261 999 1414 1048 arenosos

39 1091 40 1094 =
97 1057 250 1120 volumus
261 1058 293 1120 in
309 1059 426 1122 sacello
442 1060 543 1122 nostri
558 1059 710 1146 collegii,
729 1060 988 1146 quotiescunque
1003 1061 1121 1148 aliquis
1135 1084 1248 1128 eorum
1259 1059 1383 1106 stum·

97 1141 190 1205 locus
216 1144 386 1223 vacaverit,
402 1144 489 1207 intra
504 1145 586 1208 duos
607 1167 734 1208 mensas
752 1144 870 1209 autad
892 1169 1056 1211 summum
1071 1155 1137 1211 tres
1155 1158 1247 1235 post-

94 1249 197 1310 quam
213 1250 328 1293 vacare
352 1229 386 1292 di
413 1231 564 1302 noscitur,
579 1252 637 1316 per
662 1231 905 1311 Praesidentem,
922 1231 1246 1318 Vicepraesidentem‚

96 1311 184 1377 duos
204 1315 365 1395 Decanos‚
387 1251 468 1379 duos
483 1317 747 1403 Dispensatores‚
765 1340 801 1379 ac
816 1325 882 1381 tres
896 1317 980 1382 infra
995 1320 1132 1406 scriptos
1146 1343 1246 1386 sacrae

97 1398 285 1486 theologiae,
299 1401 420 1486 linguae
434 1403 572 1480 Graecae,
586 1410 619 1466 et
629 1403 749 1467 artium
761 1401 986 1482 humanitatis,
999 1405 1033 1467 in
1045 1414 1157 1470 nostro
1169 1406 1246 1470 Col-

96 1483 188 1570 legio
202 1487 348 1570 publicos
363 1483 524 1559 Lectores,
539 1487 590 1551 vel
606 1490 721 1551 saltem
733 1511 789 1571 per
803 1488 936 1554 totidem
951 1513 993 1554 ex
1008 1491 1055 1554 eis
1069 1502 1150 1577 quot
1164 1501 1246 1556 tem-

1 1617 2 1622 η
95 1591 177 1655 pore
207 1572 371 1636 electionis
400 1571 584 1659 hujusmodi
607 1573 642 1636 in
667 1574 888 1639 Universitate
914 1585 1094 1661 praesentes
1119 1578 1245 1651 fuerint,

96 1657 267 1736 celebrari,
280 1667 315 1723 et
324 1657 440 1723 eadem
449 1659 503 1723 die
512 1681 579 1745 quo
589 1659 719 1745 incepta
728 1669 779 1723 est
791 1661 956 1725 terminari
967 1669 1001 1726 et
1010 1667 1225 1728 consummari
1237 1689 1245 1740 ;

94 1742 284 1828 significata
299 1744 408 1808 triduo
423 1745 512 1828 prius
531 1766 592 1830 per
616 1745 856 1822 Praesidcntem,
872 1747 980 1810 valeo
992 1749 1130 1814 absente
1147 1748 1180 1814 V
1181 1752 1245 1814 ice-

95 1829 342 1913 praesidentem,
353 1829 506 1894 omnibus
520 1830 751 1895 coelectoribus
767 1833 927 1916 praedictis
942 1841 1020 1898 tune
1030 1835 1064 1897 in
1079 1836 1247 1900 Universi-

96 1921 166 1978 tate
188 1917 406 1999 praesentibus
430 1915 492 1980 loci
506 1915 558 1981 vel
575 1917 717 1981 locorum
734 1940 847 1981 eorum
862 1921 1036 1992 vacatione,
1052 1928 1087 1983 et
1109 1920 1163 1985 die
1185 1942 1246 2007 pro

1 2066 3 2076 s
94 2000 171 2063 novi
186 2000 241 2064 vel
255 2023 414 2066 novorum
437 2001 670 2088 discipulorum
685 2003 836 2066 electione
854 2025 914 2088 per
933 2026 1008 2066 curn
1025 2003 1195 2090 designato
1211 2017 1246 2072 et

94 2087 284 2151 constituto.
330 2087 451 2151 Forma
479 2097 590 2152 autem
617 2088 782 2152 electionis
804 2096 872 2164 est;
898 2091 1102 2168 conveniant,
1129 2090 1246 2156 dicut

1 2249 2 2252 Ἴ
95 2170 270 2255 praefertur
285 2195 345 2259 per
368 2172 517 2238 triduum
533 2175 623 2260 prius
646 2173 692 2236 eis
714 2173 887 2259 praefinito,
901 2175 933 2236 in
955 2173 1111 2240 sacellum
1141 2178 1245 2241 nostr-i

94 2258 247 2344 Collegii,
266 2257 461 2337 Praesidens,
473 2258 743 2347 Vicepraesidens,
757 2259 823 2323 duo
836 2261 971 2334 Decani,
984 2259 1050 2324 duo
1065 2261 1245 2348 Dispensa-

95 2352 184 2409 tores
200 2367 237 2408 ac
253 2343 438 2432 theologias,
454 2345 575 2432 liuguae
597 2346 723 2410 Graecae
738 2356 772 2411 et
787 2347 906 2410 artium
920 2344 1145 2427 humanitatis,
1164 2349 1244 2413 Lec-

95 2437 196 2510 tores,
221 2431 274 2495 vel
290 2432 406 2495 saltem
423 2431 558 2496 totidem
573 2454 611 2495 ex
626 2432 674 2496 eis
689 2440 770 2515 quot
784 2434 815 2496 in
834 2432 1053 2497 Universitate
1066 2440 1145 2499 tunc
1158 2457 1245 2522 prae-
1338 2480 1349 2496 .

94 2524 210 2581 sentes
237 2517 378 2596 lucrint;
408 2518 560 2582 absentes
589 2528 699 2582 autem
722 2517 883 2604 suffragiis
905 2518 974 2583 suis
1001 2542 1061 2606 pro
1091 2520 1148 2585 illa
1176 2524 1246 2587 vice

94 2610 249 2681 careant3
274 2612 308 2667 et
322 2624 430 2668 coram
445 2604 503 2677 eis,
527 2610 608 2668 ωηο
633 2616 663 2667 et
688 2603 823 2682 ibidem,
840 2624 952 2668 omnes
966 2604 1161 2684 scholastici,
1188 2610 1246 2693 qui
1264 2613 1268 2620 ’

95 2697 174 2751 ωηο
199 2688 233 2753 in
260 2688 436 2773 discipulos
461 2689 564 2753 nostri
583 2688 724 2775 Collegii
749 2690 921 2768 nominari,
946 2690 1026 2777 eligi
1049 2700 1084 2755 et
1102 2693 1244 2773 admitti,

1 2822 2 2825 η
94 2776 236 2860 cupiunt
250 2782 284 2837 et
298 2784 428 2859 petunt,
445 2796 506 2862 per
531 2796 633 2839 unum
647 2797 689 2838 ex
707 2776 849 2839 Decanis
875 2776 925 2839 vel
950 2777 1246 2863 Dispensatoribus

94 2881 133 2923 ac
163 2862 263 2924 etiam
291 2858 464 2925 Lectorem
485 2860 705 2931 humanitatis,
737 2862 765 2924 si
790 2860 930 2933 affuerit,
959 2866 1188 2929 examinentur
1210 2866 1245 2929 in

94 2954 194 3009 cantu
218 2958 248 3009 et
271 2945 394 3024 literis;
416 2954 448 3009 et
465 2946 522 3011 ille
548 2969 608 3033 pro
635 2945 737 3011 eleeto
760 2946 923 3011 habeatur
940 2970 1035 3030 quem
1051 2951 1154 3035 major
1168 2973 1245 3036 pars

85 3020 257 3097 'dictorum
280 3029 474 3119 eligentium
496 3030 686 3118 eligendum
710 3033 837 3096 duxerit
851 3042 885 3097 et
898 3032 1151 3118 praeferendum.
1195 3036 1245 3100 Et

95 3117 130 3179 in
153 3139 320 3201 casuque
344 3117 425 3181 dicti
448 3118 605 3183 electores
627 3117 676 3181 ita
698 3117 785 3183 inter
805 3141 840 3183 se
864 3117 906 3181 de
930 3118 1067 3204 alicujus
1092 3120 1245 3205 discipuli

93 3202 253 3268 electione
278 3203 484 3279 dissentiant,
507 3216 544 3267 ut
570 3212 646 3268 ante
672 3226 821 3268 occasum
845 3202 924 3267 solis
946 3203 1038 3267 illius
1058 3204 1124 3268 diei
1140 3214 1245 3293 major

95 3310 175 3376 pars
199 3310 311 3353 eorum
335 3288 369 3352 in
393 3311 469 3353 eum
485 3311 551 3353 non
567 3290 784 3361 consentiant,
800 3297 878 3353 tunc
892 3289 1043 3353 volumus
1058 3298 1096 3354 ut
1110 3289 1167 3353 ille
1182 3314 1243 3378 pro

1 3420 2 3435 i
94 3374 201 3439 electo
217 3375 384 3447 habeatur,
405 3397 503 3459 quem
522 3382 625 3462 major
639 3398 715 3459 pars
734 3374 893 3439 dictomm
908 3373 1103 3461 eligentium
1118 3376 1243 3462 eligen-

95 3459 175 3524 dum
192 3460 327 3525 duxerit
342 3468 375 3525 et
413 3461 639 3527 raeferendum.
687 3462 740 3533 Et,
759 3461 794 3524 in
810 3482 889 3526 casu
908 3483 973 3543 quo
990 3460 1072 3526 dicti
1087 3462 1243 3529 electores

94 3547 144 3611 ita
157 3548 244 3611 iuter
259 3569 293 3611 se
311 3545 352 3610 de
367 3484 506 3634 aiicujus
522 3546 679 3633 discipuli
697 3546 856 3611 electione
879 3545 1083 3621 dissentiant,
1103 3557 1142 3614 ut
1165 3560 1243 3617 ante

93 3654 242 3697 occasum
267 3632 344 3696 solis
363 3632 454 3697 illius
468 3630 535 3697 diei
548 3639 650 3719 major
664 3656 741 3720 pars
755 3654 867 3697 eorum
883 3632 916 3695 in
933 3655 1010 3698 eum
1026 3657 1091 3699 non
1107 3642 1242 3703 conseri-

94 3719 192 3793 tiant,
216 3726 294 3782 tuuc
308 3718 461 3783 volumus
476 3727 515 3783 ut
529 3718 586 3782 ille
600 3742 660 3805 pro
680 3720 786 3783 electo
806 3718 977 3806 habeatur,
1001 3743 1097 3804 quem
1123 3722 1242 3788 Praesi-

94 3803 178 3869 dens
193 3812 252 3868 aut
268 3825 306 3867 eo
321 3802 457 3871 absente
473 3804 728 3891 Vicepraesidcns
745 3804 879 3869 duxerit
901 3804 1098 3891 eligendum.
1145 3809 1241 3885 Quod
1254 3831 1398 3893 mantonay

94 3890 134 3969 si,
146 3899 294 3976 tempore
308 3890 475 3955 electionis
492 3900 529 3953 ut
540 3892 713 3976 praeiertur
726 3892 900 3976 assignato,
912 3914 975 3956 ηοη
989 3894 1191 3979 reperiantur
1207 3896 1241 3960 in
1253 3891 1383 3996 ἓξὲξ·

97 3962 321 4040 universitate
340 3976 477 4040 Oxoniae
501 3987 548 4040 tot
567 3975 754 4041 scholastici
777 3977 811 4040 in
833 3976 1043 4041 comitatibus
1059 3978 1110 4041 vel
1124 3978 1241 4043 dioece-
1253 3964 1369 4069 requiris

94 4062 187 4126 sibus
203 4062 393 4126 vacantibus
407 4062 487 4133 nati,
503 4070 537 4125 et
552 4062 728 4126 seeundum
743 4063 916 4149 praedictas
926 4063 1104 4147 qualitates
1118 4063 1240 4145 idonei,
1253 4068 1373 4127 munna,

94 4155 175 4231 quot
199 4148 247 4229 ad,
263 4147 485 4235 supplendum
506 4170 676 4213 numerum
697 4148 899 4235 singulorum
922 4148 1110 4212 dioecesium
1134 4159 1167 4215 et
1188 4174 1241 4215 co·

94 4234 271 4298 mitatuum
294 4235 482 4299 vacantium
505 4254 564 4319 per
587 4256 647 4299 nos
682 4239 745 4311 'am
768 4234 955 4306 limitatum,
985 4236 1186 4319 assignatum
1208 4247 1243 4302 et

93 4320 309 4400 nominatum,
335 4320 516 4396 sufficiant3
541 4328 618 4385 tunc
641 4257 795 4384 voiumus
823 4328 862 4383 ut
891 4329 1100 4384 assumantur
1128 4321 1184 4385 alii
1204 4324 1242 4387 in

81 4406 213 4493 aliquo.
231 4406 283 4471 vel
306 4401 471 4495 aliquibus
495 4404 537 4471 de
565 4405 734 4575 praeppqtip
760 4405 966 4473 comitatibus
990 4412 1024 4469 et
1048 4405 1242 4473 dioecesibus

700 4543 705 4555 .
1089 4512 1112 4553 o
