3000 4700
266 211 300 282 ir
574 214 691 304 Corpus
710 213 827 282 aaut
844 213 969 302 Callope,
991 211 1120 303 Oasord.

264 381 399 467 jamque
414 379 669 448 intellexerimus
687 380 777 466 quod
793 377 953 468 praefatus
967 379 1148 466 Episcopus
1161 377 1273 442 literas
1286 384 1420 441 nostras

267 468 440 556 praedictas
467 469 560 533 nobis
575 469 623 548 ,in
651 464 887 534 Cancellariam
916 476 1058 531 nostram
1092 464 1268 529 restituere
1294 460 1419 526 ibidem

268 554 487 619 cancellandas
509 554 543 619 in
558 551 728 620 voluntate
749 552 870 632 existit,
886 552 929 616 ad
955 551 1165 617 intentionem
1187 549 1275 636 quod
1287 567 1420 635 nosper

268 640 348 704 alies
380 641 494 706 literas
532 651 659 706 nostras
695 649 844 729 patentes
880 638 988 705 eidem
1018 638 1050 702 lt
1075 638 1183 725 isoopo
1217 634 1305 720 qnod
1334 635 1419 720 ipse,

268 723 427 806 heredes,
454 731 641 792 executores
670 725 724 791 vel
749 718 991 813 assignationi,
1014 661 1203 788 veleorum
1229 720 1331 804 aliqui
1360 727 1420 785 ant

269 806 396 897 aliquis,
413 813 577 898 quoddam
592 813 777 914 Collegium
833 820 987 898 rpetuum
1001 809 1194 874 eruditionis
1207 807 1421 872 scientiarum

270 921 367 963 secrae
392 897 567 987 theologiae
590 910 624 966 et
650 897 799 986 philosop
824 899 875 976 iae,
890 921 927 961 ec
944 898 1108 962 bonarum
1132 895 1263 967 artium,
1287 895 1331 958 de
1352 915 1420 958 uno

272 985 475 1051 Praesidente
490 996 525 1050 et
541 986 677 1073 triginta
691 984 893 1050 scholaribus
972 982 1082 1047 ductis
1096 989 1131 1046 et
1153 1004 1217 1045 non
1234 979 1420 1079 graduatis,

272 1082 331 1136 ant
346 1072 499 1158 pluribus
513 1073 566 1140 vel
581 1068 800 1160 pautioribus,
815 1006 991 1136 mundium
1005 1069 1069 1136 loci
1076 1067 1260 1147 facultates,
1272 1076 1309 1131 et
1318 1077 1419 1151 Juxta

271 1156 491 1223 ordinationes
506 1168 541 1222 et
554 1168 678 1222 statuta
694 1180 755 1245 per
775 1158 882 1246 ipsum
907 1156 1113 1244 Episcopum,
1129 1153 1286 1232 haeredes,
1300 1173 1419 1218 execu-

260 1253 358 1308 tores
380 1245 434 1310 rel
451 1245 633 1332 assignatos
648 1265 733 1314 suos,
753 1264 811 1308 sen
826 1261 938 1307 eornm
955 1240 1086 1328 aliquos
1099 1239 1155 1305 vel
1169 1241 1322 1324 aliquem,
1338 1237 1419 1304 inde

271 1325 389 1410 fienda,
408 1331 559 1418 sugemus
576 1330 629 1396 vel
644 1329 830 1409 munienda,
845 1328 880 1392 in
895 1325 979 1393 villa
991 1329 1063 1393 sive
1078 1327 1303 1392 Universitate
1327 1326 1419 1392 Oxo

269 1414 386 1491 aiensi,
401 1417 436 1480 in
451 1417 608 1483 comitatu
622 1427 733 1482 nosco
743 1415 929 1494 Oxoniensi,
939 1437 984 1504 pe
1044 1415 1112 1480 tnia
1123 1414 1247 1479 tuturis
1258 1408 1421 1500 tempori·

270 1503 333 1567 bns
345 1501 568 1568 sustinendum
583 1511 619 1568 et
632 1502 864 1580 exhibendum,
874 1503 989 1581 faeere,
1082 1520 1147 1580 ars,
1162 1497 1295 1587 erigere,
1307 1518 1420 1564 creare

259 1597 308 1653 et
321 1589 482 1667 stabilire,
497 1599 607 1688 posset
621 1600 654 1654 ct
669 1589 807 1668 valeret,
819 1598 1017 1676 possentque
1030 1597 1065 1652 et
1079 1587 1238 1666 valerent,
1253 1584 1420 1650 licentiam

270 1685 412 1740 nostram
424 1675 562 1762 Regiam
570 1675 748 1740 concedere
758 1673 979 1761 dignaremur.
1017 1674 1087 1738 Nos
1101 1671 1224 1738 nedum
1239 1672 1419 1759 premissa,

272 1761 496 1826 verumetiam
506 1763 634 1838 bonam,
647 1762 749 1850 piam,
763 1761 963 1826 laudabilem
978 1769 1013 1826 et
1027 1761 1189 1840 devotam,
1204 1759 1419 1824 intentionem

270 1845 1095 2022 arithmeticamque
1118 1867 1157 1997 t?
1180 1845 1420 1996 mffi

270 2030 412 2084 nostrmn
428 2021 617 2109 praedictam
632 2017 679 2086 ad*
689 2021 901 2086 intentionem
925 2019 1108 2107 predictam
1122 2019 1269 2084 restitnit
1291 2017 1419 2083 cancel·

269 2103 393 2185 landas,
410 2109 640 2194 cupientesque
658 2107 775 2173 intima
798 2117 956 2192 quantum
970 2107 1006 2170 in
1020 2106 1116 2171 nobis
1133 2116 1185 2171 cst
1197 2127 1238 2171 ea
1260 2105 1372 2180 omnia
1384 2115 1421 2170 ct

271 2193 401 2282 singula
410 2213 484 2278 qum
493 2193 591 2258 fidem
600 2193 814 2260 orthodoxam
825 2211 956 2280 quoquo
965 2193 1063 2258 modo
1071 2210 1260 2257 concernens
1269 2192 1421 2279 poterint

174 2331 177 2338 .
260 2280 488 2367 augmentari,
511 2279 555 2344 'de
577 2281 685 2383 gratie
710 2289 822 2344 nostre
835 2279 980 2368 speciali,
997 2302 1034 2344 ao
1056 2299 1098 2346 ex
1121 2289 1211 2346 certa
1232 2277 1370 2343 scientia
1384 2289 1421 2344 ct

271 2384 360 2431 mero
376 2378 469 2431 motu
493 2377 623 2443 nostris,
639 2367 851 2431 concessimus
874 2376 909 2431 et
924 2364 1088 2432 licentiam
1113 2366 1278 2445 dedimus,
1298 2386 1336 2430 ao
1358 2386 1421 2453 pcr

294 2460 452 2517 rasentes
459 2453 664 2517 concedimus
678 2464 712 2518 et
726 2453 892 2518 licentiam
902 2451 1029 2525 damus,
1068 2470 1107 2517 rc
1118 2453 1217 2517 nobis
1228 2462 1263 2517 et
1277 2451 1422 2517 baeredi-

270 2472 333 2603 bns
359 2539 486 2617 nostris,
503 2550 663 2623 quantum
685 2540 719 2605 in
740 2539 834 2604 nobis
857 2548 918 2619 cst,
933 2540 1023 2605 dicto
1038 2474 1204 2628 hlpiscopo
1225 2538 1314 2624 qnod
1337 2539 1421 2627 ipsc,

272 2622 427 2704 heredes,
453 2634 642 2689 executores
664 2636 722 2690 ent
748 2626 908 2713 assignati
931 2628 992 2707 sni,
1019 2647 1078 2693 sen
1097 2645 1212 2692 comm
1236 2626 1340 2710 aliqui
1366 2626 1420 2691 vel

272 2705 400 2793 eliquia,
431 2710 474 2774 sd
502 2710 636 2775 laudem
664 2721 699 2777 ct
726 2710 882 2777 honorem
912 2713 978 2778 Dei
998 2712 1245 2805 omnipotentia,
1266 2714 1420 2778 moratis

271 2796 412 2879 almique
427 2796 581 2883 Corporis
595 2796 731 2877 Christi,
741 2807 776 2862 et
789 2798 986 2865 hostiense
992 2818 1123 2885 semper
1137 2797 1287 2886 Virginis
1300 2797 1421 2865 Marias

519 2883 1420 2971 c

270 3055 391 3119 niensis
414 3019 591 3142 praedictae,
616 3056 781 3141 quoddam
797 3018 984 3143 Collegium
1007 3068 1203 3145 perpetuum
1223 3056 1421 3125 eruditionis

271 3141 479 3207 scientiarum
502 3162 600 3208 sacrae
618 3142 806 3245 theologie,
819 3141 1046 3230 philosophias,
1062 3154 1097 3209 et
1110 3145 1268 3208 bonarum
1283 3146 1419 3226 artium,

271 3227 313 3292 dc
336 3250 401 3293 uno
425 3228 627 3294 Praesidente
650 3238 684 3294 et
709 3230 845 3319 triginta
859 3228 1062 3295 scholaribus
1077 3230 1260 3319 graduatis,
1275 3242 1335 3297 ant
1355 3252 1420 3296 non

271 3314 455 3399 graduatio,
480 3314 534 3379 rel
563 3314 718 3402 pluribus
744 3329 802 3379 aut
829 3315 1048 3405 paucioribus,
1073 3326 1114 3381 ut
1136 3315 1329 3402 praedictum
1356 3328 1419 3389 eet,

265 3406 365 3548 ium
393 3400 611 3465 ordinationes
638 3412 673 3467 st
696 3411 822 3466 statuta
850 3403 1044 3489 peripsum
1069 3402 1279 3490 Episcopum,
1306 3403 1421 3488 ejusve

292 3485 427 3565 eredes,
465 3496 654 3551 executores
689 3497 749 3552 aut
836 3488 843 3504 '
891 3498 971 3568 stoa,
1000 3506 1156 3553 eorumve
1195 3489 1322 3574 aliquos
1356 3502 1420 3557 aut

269 3571 424 3657 aliquem,
440 3572 475 3637 in
489 3592 529 3637 ea
543 3582 636 3658 parte
650 3571 768 3650 tiendo,
781 3509 961 3649 Ἤυάι,
972 3574 1147 3641 statuenda
1161 3586 1197 3641 et
1209 3576 1418 3651 stabilienda,

271 3659 306 3721 in
320 3656 401 3723 villa
415 3658 483 3722 sive
496 3658 721 3725 Universitate
734 3658 912 3727 Oxouiensi
923 3662 1087 3749 praedicta,
1100 3662 1135 3727 in
1149 3662 1290 3747 quodam
1304 3662 1419 3743 fundo,

270 3744 331 3831 qui
345 3752 394 3807 est
407 3743 492 3809 inter
503 3743 637 3809 domum
649 3744 716 3811 sire
730 3746 905 3834 collegium
914 3762 1063 3813 temtum
1078 3755 1100 3787 ‘⁴
1113 3750 1243 3813 Martsn
1252 3747 1390 3840 college
1399 3748 1420 3780 '⁹

214 3865 216 3869 ·
270 3830 305 3895 in
320 3828 400 3894 villa
413 3830 481 3894 sive
495 3829 721 3896 Universitate
732 3831 911 3898 Oxonieusi
920 3834 1087 3921 praedicta,
1099 3855 1139 3899 cx
1150 3844 1245 3922 parte
1253 3835 1419 3917 orientali,

269 3926 305 3981 et
320 3916 481 3980 venellam
493 3936 597 4005 prope
607 3916 689 3983 colle
715 3919 782 3983 'nm
792 3929 942 3987 vocatum
954 3928 975 3959 ‘⁸
983 3921 1191 4007 Canterbury
1203 3920 1420 4023 College,”ct

270 4000 443 4089 galdinum
457 4001 525 4067 sive
539 4002 670 4069 hortum
709 4024 802 4069 omna
816 4007 884 4071 sive
897 4008 1060 4095 prioratus
1067 4009 1197 4072 &nctus
1207 4008 1419 4075 Fredrswidm

267 4089 655 4241 exoparltpcocqudeqtali
683 4102 719 4156 et
733 4091 905 4242 tvcsppllapr
928 4092 1045 4243 dpmqs
1062 4094 1130 4157 sice
1142 4093 1240 4243 ilolollc
1267 4094 1290 4157 ‘i
1308 4098 1419 4194 qoeati

271 4189 290 4214 “
372 4198 391 4239 a
460 4196 481 4241 o
590 4180 657 4241 'ex
695 4198 768 4242 are
824 4179 944 4259 nai,e
974 4201 1007 4242 m
1032 4198 1142 4244 rums
1181 4199 1212 4243 ze
1278 4200 1319 4245 on
1394 4183 1403 4201 ⁸

268 4196 1422 4441 c2b1115cnis0picr¹cce2retruserit

268 4441 393 4498 turum.
416 4396 424 4425 ’
447 4435 494 4498 Ac
519 4433 607 4519 quod
637 4432 724 4501 idem
749 4397 943 4523 itpisccpus,
966 4434 1121 4515 herodes,
1144 4449 1336 4505 erenum
1364 4441 1422 4508 vel
