3000 4700
256 173 302 240 80
462 171 596 240 &otum
609 175 648 258 of
661 171 776 257 Corpus
795 172 913 238 Christi
932 172 1056 258 Celteye,
1078 173 1204 258 Ossord.

257 353 452 420 quocunque·
462 337 575 402 induci
588 337 727 402 scienter
784 336 923 402 rmittat.
966 335 1154 401 Extraueos
1169 345 1279 402 autem
1296 335 1412 422 appel-

256 423 364 488 lamus
378 445 487 488 omnes
502 422 624 506 quibus
637 444 679 486 ex
692 444 729 486 or
755 421 1081 488 inationibusnostris
1096 431 1132 486 et
1147 424 1286 489 statutis
1301 432 1407 487 vestes

257 519 292 574 et
306 509 494 574 communica
509 531 573 572 nou
589 518 666 573 suut
679 508 865 595 assignatas.
912 507 1134 573 permittimus
1147 518 1257 574 tamen
1275 518 1312 572 ut
1327 530 1409 590 qua·

93 605 234 678 sumnam
259 603 335 659 tuor
360 594 485 660 autad
508 617 672 659 summum
700 618 758 658 sex
780 594 921 659 filiorum
948 594 1110 659 nobilium
1138 607 1195 658 aut
1213 601 1288 681 jure
1311 596 1408 680 regui

92 664 243 768 fflfflffin
258 681 450 766 peritorum,
467 679 509 744 ad
525 680 750 745 discretionem
766 680 986 759 Praesidentis‚
1001 680 1125 766 possint
1141 682 1263 744 assumi
1272 681 1316 746 ad
1331 703 1408 744 con-

26 829 33 840 ,
92 781 176 841 bilin.
259 767 381 831 victum
402 778 437 831 et
461 767 537 840 alia,
559 766 744 852 sumptibus
771 777 880 830 tamen
905 767 975 830 suis
996 789 1059 830 non
1083 767 1234 854 Collegit,
1250 767 1410 850 quamdiu

259 854 324 916 sint
338 853 401 917 sub
416 853 582 918 tutoribus
603 864 637 917 et
656 851 790 915 honeste
805 875 838 916 se
854 863 972 938 gerant
995 853 1029 916 in
1043 853 1194 917 omnibus
1209 854 1359 939 exemplo
1374 863 1411 917 et

259 938 412 1010 moribus,
429 948 468 1002 ut
483 939 542 1003 alii
552 961 593 1002 ex
608 938 752 1024 Collegio
768 960 828 1024 per
844 961 897 1003 eos
912 938 992 1002 fiant
1003 961 1067 1002 non
1083 937 1274 1004 deteriores.

344 1073 426 1160 Cap.
443 1075 497 1139 35.
521 1077 672 1138 Demere
686 1097 745 1138 non
761 1077 908 1138 trahendo
924 1077 956 1138 in
971 1078 1045 1139 aula
1055 1087 1125 1159 post
1139 1079 1320 1160 refectiones.

305 1197 536 1283 Turpiloquia,
556 1196 778 1268 detractiones,
794 1198 918 1284 jurgia,
932 1197 1155 1268 scurrilitates,
1179 1198 1360 1262 verbositas
1373 1207 1410 1262 et

260 1294 378 1349 catera
393 1284 514 1369 linguae
530 1283 623 1353 vitia,
632 1306 704 1347 raro
718 1306 858 1348 vacuum
871 1284 1071 1348 comitantur
1082 1293 1228 1348 ventrem
1242 1306 1278 1348 ac
1293 1285 1410 1348 crebro

260 1369 412 1434 inflatum
424 1381 457 1434 et
468 1369 639 1454 repletum.
671 1369 839 1446 Quocirca,
848 1379 888 1434 ut
903 1371 1068 1434 obstemus
1079 1370 1260 1456 principiis,
1271 1369 1410 1433 manda-

96 1468 201 1538 Agsinst
260 1478 333 1519 mus
348 1463 529 1519 statuentes
541 1468 577 1516 ut
592 1455 626 1517 in
639 1464 751 1519 nostro
763 1455 854 1520 Colle
881 1457 922 1533 io,
935 1456 1074 1542 singulis
1086 1455 1203 1521 diebus
1214 1465 1290 1542 post
1305 1478 1408 1541 pran-

94 1530 209 1629 fflffi
220 1526 247 1570 ¹¹¹
261 1541 353 1604 dium
362 1549 396 1603 et
404 1561 538 1617 coenam,
549 1540 715 1624 persoluta
723 1541 816 1626 prius
827 1479 997 1605 ditissimo
1007 1565 1067 1628 pro
1076 1542 1214 1628 acceptis
1224 1543 1410 1628 gratiarum

95 1642 247 1688 snermcau.
262 1627 397 1700 actione,
410 1637 443 1689 et
459 1635 541 1710 potu
554 1626 700 1689 caritatis
715 1626 828 1690 bibere
840 1628 1026 1693 volentibus
1041 1628 1238 1706 ministram,
1254 1651 1291 1691 ac
1305 1629 1412 1692 etiam

262 1724 334 1798 post
349 1712 422 1776 illas
438 1711 621 1798 potationes
637 1713 671 1774 in
686 1713 763 1777 aula
779 1718 874 1795 (quas
884 1715 1012 1779 bibesia
1021 1719 1149 1794 vocant)
1165 1713 1207 1777 de
1222 1737 1311 1778 more
1324 1715 1410 1777 Uni·

261 1798 426 1862 versitatis
442 1820 503 1883 pro
524 1806 669 1884 tempore
688 1809 870 1878 consuetas,
885 1801 1024 1864 seniores
1039 1800 1174 1883 singuli,
1189 1807 1411 1887 cujuscunque

261 1883 385 1970 gradus
406 1895 466 1948 aut
489 1893 597 1948 status
621 1885 801 1964 extiterint,
827 1887 949 1964 statim,
973 1887 1043 1950 sine
1066 1885 1135 1949 ullo
1158 1886 1342 1966 intervall0,
1367 1887 1411 1951 ad

261 1969 376 2036 studia
390 1993 452 2035 sua
467 1969 522 2035 vcl
534 1971 607 2034 loca
622 1971 693 2035 alia
707 1994 742 2035 se
759 1972 938 2050 conferant,
954 1995 1012 2036 nec
1027 1972 1173 2058 juniores
1188 1972 1269 2036 alios
1284 1973 1409 2037 ibidem

261 2079 386 2121 moram
415 2058 520 2123 facere
543 2057 683 2121 ulterius
715 2059 930 2142 permittant3
962 2059 1025 2123 nisi
1050 2057 1179 2139 quando
1203 2059 1257 2122 vel
1279 2059 1411 2124 consilia

261 2141 379 2207 domus
394 2144 447 2207 vel
463 2144 529 2208 alia
543 2144 675 2229 negotia
695 2144 800 2208 ardua
819 2144 1007 2232 Collegium
1026 2145 1200 2230 tangentia
1218 2145 1409 2210 immediate

262 2226 409 2294 debeant
417 2231 621 2314 pertractari,
636 2230 690 2294 vel
702 2231 867 2309 lectiones,
883 2229 1131 2316 disputationes,
1146 2243 1201 2294 aut
1216 2231 1337 2295 Bibliae
1351 2254 1408 2296 ex·
1492 2259 1493 2274 ¹

246 2316 438 2399 ,positiones
466 2325 503 2379 et
529 2313 777 2395 declarationes,
809 2317 964 2382 continuo
992 2327 1251 2399 consequantur;
1284 2319 1409 2405 quibus

261 2400 361 2463 etiam
378 2401 540 2465 absolutis
558 2410 593 2465 et
614 2402 713 2465 finitis
735 2403 849 2467 statim
865 2403 1044 2468 decedant:
1070 2404 1121 2467 vel
1136 2404 1266 2487 quando
1280 2406 1324 2469 ob
1342 2406 1408 2470 Dei

97 2498 243 2571 pccssunsl
260 2486 477 2550 reverentiam
491 2510 558 2551 suae
574 2486 722 2574 gloriosa
740 2489 860 2554 Matris
883 2490 938 2553 vel
960 2489 1095 2553 alterius
1119 2489 1232 2554 Sancti
1254 2490 1297 2553 ad
1320 2492 1408 2556 sola·

98 2558 184 2675 {Q
260 2570 346 2635 tium
368 2573 515 2637 omnium
532 2573 802 2649 inhabitantium,
818 2575 942 2639 ibidem
964 2588 1173 2641 conservatur
1196 2577 1301 2662 ignis3
1327 2588 1409 2643 tunc

259 2657 348 2721 enirn
369 2659 468 2721 liceat
486 2658 586 2723 Sociis
600 2670 635 2723 et
648 2659 848 2726 scholaribus
863 2662 968 2726 nostri
982 2660 1131 2748 Collegii,
1146 2671 1222 2748 post
1237 2662 1341 2727 dictas
1357 2687 1408 2728 re-

259 2742 415 2807 fectiones
439 2754 474 2808 et
496 2744 690 2830 potationes,
706 2748 816 2831 gratia
838 2747 1052 2819 recreationis
1076 2748 1224 2813 modeste
1249 2757 1289 2813 ut
1312 2748 1407 2815 decet

259 2828 412 2909 Clericos,
437 2830 472 2893 in
498 2830 630 2893 canticis
655 2839 689 2894 et
710 2832 785 2895 aliis
810 2832 934 2896 solatiis
963 2834 1108 2898 honestis
1132 2835 1165 2897 in
1187 2835 1265 2899 aula
1279 2856 1405 2902 moram
1491 2874 1493 2911 r

201 2949 206 2960 =
258 2913 374 2996 facere,
403 2925 438 2980 et
460 2926 624 3002 poemata,
646 2916 801 2981 historias
826 2940 863 2981 ac
885 2918 1002 2982 mundi
1023 2920 1200 3001 mirabilia,
1225 2932 1261 2987 et
1291 2934 1407 2987 caetera

258 2999 358 3088 hujus
371 3002 510 3089 generis,
526 3002 612 3067 inter
627 3025 662 3067 se
676 3002 828 3081 conferre,
842 3003 951 3090 legere
967 3014 1001 3068 et
1015 3027 1177 3071 enarrare.

497 3137 580 3224 Cap.
598 3139 650 3235 3ii.
674 3141 727 3203 De
740 3139 947 3205 cubiculorum
962 3144 1164 3227 dispositione.

302 3257 359 3323 Ab
374 3259 451 3325 auls
466 3258 662 3325 discedimus
677 3261 721 3325 ad
734 3262 895 3343 cubicula,
912 3271 952 3327 ut
966 3263 1036 3328 loca
1051 3266 1172 3348 quietis
1186 3277 1220 3331 et
1238 3269 1354 3349 somni,
1371 3280 1407 3335 et

259 3354 335 3430 post
349 3368 444 3409 curas
462 3356 496 3411 et
518 3347 643 3410 labores
666 3351 882 3436 receptacula.
929 3351 1112 3415 Statuimus
1127 3354 1230 3439 igitur
1249 3364 1289 3418 ut
1303 3379 1406 3419 unus-

98 3435 239 3484 Bshsviour
259 3430 397 3513 quisque
414 3432 515 3495 nostri
531 3433 673 3519 Collegii
694 3434 728 3498 in
742 3458 802 3499 suo
817 3436 967 3501 cubiculo
985 3460 1018 3501 se
1032 3437 1166 3504 honeste
1172 3450 1273 3539 ‚gerat
1287 3453 1320 3505 et
1335 3465 1405 3506 mo-

98 3496 219 3602 {fflm'
259 3514 362 3594 deste,
377 3526 446 3580 tam
462 3540 536 3581 cum
550 3541 610 3582 suo
625 3520 827 3584 cubiculario
850 3544 950 3604 quam
972 3546 1046 3589 cum
1060 3524 1133 3587 aliis
1148 3527 1279 3603 vlcin1s3
1302 3538 1406 3609 utque
1490 3572 1493 3587 ‚

259 3600 671 3690 nullum-quovismme
685 3628 708 3669 a
719 3628 832 3669 somno
846 3608 957 3690 quiete
972 3620 1031 3673 aut
1044 3610 1154 3675 studio
1170 3612 1330 3697 impediat
1344 3637 1406 3700 per

260 3685 489 3751 immoderatos
504 3689 669 3768 clamores,
679 3691 773 3770 risus,
787 3694 921 3773 cantica,
936 3696 1103 3844 strepitus,
1116 3699 1318 3779 saltationes,
1333 3722 1405 3764 mu·

259 3771 399 3835 sicomm
409 3773 700 3839 instrumentorum
709 3777 921 3862 pulsationes.
954 3780 995 3844 Se
1029 3782 1058 3845 si
1067 3782 1251 3867 aliquando,
1262 3796 1339 3849 ante
1354 3786 1404 3873 ig·-
1490 3857 1493 3863 ⁴

259 3879 335 3921 nem
351 3869 411 3922 aut
425 3859 516 3939 alibi,
533 3861 635 3925 animi
649 3862 782 3927 laxandi
802 3888 985 3931 causacum
1001 3868 1073 3931 aliis
1087 3869 1192 3935 libeat
1209 3874 1402 3952 conversari,

258 3944 460 4029 producatur
475 3957 605 4033 tempus
620 3972 694 4013 cum
708 3950 1021 4018 moderato·silentio
1037 3954 1071 4017 in
1086 3954 1137 4019 his
1151 3980 1225 4039 quae
1240 3957 1284 4021 ad
1299 3959 1402 4023 virtu·
1491 4010 1493 4031 ,

260 4040 377 4096 temet
392 4032 573 4099 doctrinam
588 4037 738 4101 attinent.
786 4037 905 4120 Neque
919 4040 954 4103 in
978 4040 1029 4103 his
1044 4041 1124 4105 liant
1147 4045 1300 4107 serotinae
1319 4067 1402 4109 com-

259 4118 444 4183 essationes·
460 4131 519 4184 aut
545 4123 742 4205 potationes,
766 4123 825 4187 sed
853 4133 1042 4211 temperatae
1071 4138 1105 4192 et
1129 4129 1286 4196 salubres.
1340 4131 1404 4195 Sed
1488 4178 1493 4195 .

98 4219 235 4269 anotment
259 4202 404 4268 redimus
418 4205 462 4270 ad
476 4207 636 4286 cubicula,
651 4231 722 4289 quae
736 4209 884 4275 volumus
900 4212 1050 4275 omnibus
1064 4216 1169 4278 nostri
1184 4214 1329 4303 Collegii
1346 4239 1403 4303 per

96 4277 215 4325 “sm'‘
258 4288 363 4385 solum
377 4291 605 4362 Praesidentem
613 4294 755 4359 deliniri.
788 4296 968 4378 lnquibus,
985 4308 1052 4361 tam
1065 4300 1289 4383 superioribus
1304 4326 1401 4385 quam
1486 4308 1493 4321 '

259 4374 481 4455 inferioribus,
495 4378 564 4446 siut
577 4378 644 4445 duo
665 4381 788 4449 cubilia
802 4382 831 4451 si
844 4405 928 4467 opus
943 4382 1046 4449 fuerit
1070 4385 1198 4465 altiora,
1217 4387 1269 4451 vel
1285 4389 1403 4453 saltem
