3000 4700
317 185 453 252 &mcccc
467 189 507 271 os
517 183 636 270 Corpus
655 183 774 250 etant
791 183 918 298 Gclleqe,
939 187 1069 272 Onford.
1228 191 1272 253 23

113 347 205 434 qnod
231 348 344 412 nullus
366 349 533 416 Sociorum
561 349 723 412 instanter
745 357 853 435 roget,
879 350 1017 424 laboret,
1043 351 1272 451 autaliquem

113 436 216 499 saciat
241 435 440 520 pactionem,
453 457 514 520 pro
532 435 671 520 alicujus
690 435 863 511 electione,
886 437 949 500 sub
971 458 1068 522 poena
1083 438 1271 503 amissionis

114 522 168 584 sni
189 521 304 586 salarii
326 543 387 608 per
411 543 514 586 unum
537 540 679 597 annum3
705 531 739 586 et
762 520 851 608 qnod
874 522 965 587 nulla
986 524 1043 587 liat
1065 524 1182 589 electio
1207 525 1271 590 nisi

114 607 322 672 Praesidente
344 615 515 694 praesente,
540 606 589 672 vel
614 607 731 671 saltem
744 609 979 674 consentiente.
1025 611 1076 673 Ac
1099 610 1201 674 etiam
1215 633 1270 675 vo·

114 693 227 758 lumus
241 693 333 780 quod
348 716 549 778 quascunque
565 692 752 779 hujusmodi
767 693 896 773 electio,
909 694 1011 759 semel
1022 695 1163 782 incepta,
1175 697 1269 783 prius

114 780 250 844 liniatur
278 803 378 864 quam
401 780 483 844 dicti
509 779 671 867 eligentes
699 791 819 846 exeant
841 802 860 846 e
882 780 1011 860 sacello,
1033 781 1088 846 vel
1114 783 1184 848 loco
1208 783 1270 848 ubi

111 865 304 932 celebratur
319 866 448 930 electio.

249 1005 330 1092 Cap.
349 1006 398 1071 ll.
422 1005 474 1070 Dc
477 1009 656 1090 juramento
672 1005 832 1074 Scholaric
846 1008 964 1072 biennio
972 1008 1136 1093 probandi.

158 1128 337 1206 Caeterum,
353 1151 395 1192 ne
410 1129 499 1193 fraus
513 1128 625 1194 ulla'in
641 1130 742 1194 electo
758 1130 867 1194 latitet
879 1132 980 1216 qumi
1007 1138 1159 1196 nocentes
1171 1131 1268 1198 facile

111 1223 301 1287 occoecaret,
316 1216 491 1279 statuimus
514 1224 553 1278 ut
578 1217 798 1303 unusquisqne
820 1216 942 1281 electus
957 1154 1005 1280 ad
1025 1218 1175 1281 biennem
1213 1241 1267 1284 ro-

113 1300 283 1364 bationem
308 1301 342 1364 in
365 1298 453 1364 dicto
468 1309 580 1366 nostro
604 1301 766 1386 Collegio,
789 1301 875 1365 intra
898 1309 971 1366 octo
991 1301 1072 1380 dies,
1096 1304 1125 1366 si
1142 1239 1267 1388 judicio

116 1386 328 1451 Praesidentis
357 1395 416 1452 aut
438 1410 476 1451 eo
505 1387 642 1452 absente
668 1387 967 1474 Vicepraesidentis,
993 1387 1203 1454 Decanornm
1231 1400 1267 1456 et

117 1471 402 1558 Dispensatorem,
417 1473 584 1536 commode
599 1474 669 1537 fieri
691 1475 807 1560 possit,
822 1485 857 1538 et
871 1475 1003 1540 omnino
1019 1476 1107 1540 intra
1121 1497 1265 1542 mensem

1 1587 2 1592 ¹
114 1560 301 1642 proximum
326 1569 399 1644 post
412 1559 532 1623 dictam
547 1560 617 1645 ejus
636 1559 838 1633 electionem,
861 1568 896 1625 et
917 1562 1108 1648 prinsquam
1132 1561 1265 1648 aliquod

111 1645 276 1708 commodi
291 1667 333 1709 ex
343 1667 383 1710 eo
397 1645 571 1744 percipiat;
589 1645 653 1709 nisi
665 1646 805 1730 amplius
820 1647 990 1712 differatur
1003 1649 1146 1734 spatium
1160 1651 1202 1712 ob
1215 1650 1265 1713 in·

113 1731 244 1794 scitiam
272 1731 515 1796 versificationis
544 1740 579 1796 et
611 1731 822 1818 epistolarum
848 1733 1070 1813 confectionis,
1099 1744 1138 1799 nt
1165 1750 1267 1820 snpra

114 1817 319 1893 notavimus;
335 1836 442 1882 coram
457 1815 660 1882 Praesidente
672 1818 723 1882 vel
736 1815 1025 1904 Vieeprsesidente,
1041 1842 1106 1885 uno
1124 1820 1265 1892 Decano,

114 1923 180 1965 uno
195 1903 442 1990 Dispensatore,
456 1910 491 1967 et
505 1901 612 1968 tribus
625 1904 697 1967 aliis
709 1904 821 1982 Sociis,
837 1912 998 1968 statutum
1014 1906 1211 1971 antecedens
1223 1906 1266 1972 de

112 1988 272 2074 qualitate
291 1998 324 2054 et
349 1989 600 2055 circumstantiis
623 1989 778 2076 eligibilis
800 1989 964 2076 perlegat,
990 1999 1047 2054 aut
1069 1992 1195 2070 saltem,
1209 2014 1268 2078 per

113 2075 261 2161 aliquem
285 2075 472 2160 hujusmodi
494 2073 672 2140 scholarem
692 2097 799 2140 coram
823 2075 946 2139 eisdem
968 2075 1092 2144 ibidem
1113 2079 1266 2162 perlecto,

114 2161 187 2245 ipso
197 2162 296 2226 etiam
312 2164 439 2228 interea
450 2162 650 2248 inspiciente,
662 2161 785 2233 audiat,
796 2169 831 2225 et
844 2161 957 2224 statim
973 2159 1104 2233 deinde,
1119 2163 1218 2227 tactis
1231 2173 1266 2228 et

113 2247 274 2333 inspectis
288 2270 349 2333 per
372 2269 447 2312 enm
463 2257 539 2312 tunc
561 2247 682 2312 ibidem
709 2248 924 2312 sacrosanctis
938 2246 1143 2398 EvangJeliis,
1155 2271 1262 2314 coram

1077 2383 1097 2413 .,
1116 2335 1160 2400 ad
1173 2335 1263 2402 bien·
1276 2363 1341 2409 Octo
1351 2364 1381 2409 or

112 2334 239 2398 eisdem
258 2335 476 2419 subscriptum
484 2342 629 2485 praestet
639 2335 869 2422 juramentum.
915 2334 1019 2421 “Ego

113 2421 207 2485 nium
222 2422 426 2506 probationis
435 2421 470 2485 in
514 2422 669 2507 ollegium
680 2421 837 2507 Corporis
851 2421 978 2485 Christi
992 2423 1025 2485 in
1039 2420 1263 2488 Universitate
1277 2421 1420 2468 Ρωῦὓῒῖθΰ·

115 2506 241 2572 Oxonii
256 2507 388 2587 electus,
399 2510 476 2595 juro
484 2505 573 2593 qnod
585 2508 720 2571 firmiter
730 2509 825 2572 credo
836 2530 887 2571 me
899 2509 1008 2572 aetatis
1016 2528 1089 2572 esse
1100 2507 1264 2574 duntaxat
1273 2481 1429 2542 “imm‘'

117 2592 173 2672 Ν.,
190 2593 276 2659 circa
290 2592 377 2659 diem
392 2604 427 2657 et
441 2614 587 2657 mensem
607 2594 639 2656 N
646 2642 664 2671 .‚
681 2616 718 2657 ac
732 2615 774 2657 ex
785 2593 934 2680 legitimo
949 2594 1045 2658 thoro
1058 2593 1094 2657 in
1109 2596 1265 2662 comitatu

115 2679 162 2744 N.
188 2689 224 2744 et
247 2680 375 2747 dioecesi
400 2680 446 2744 N.
469 2690 602 2754 natnm;
626 2688 761 2744 tonsura
786 2702 917 2767 qnoque
938 2680 1078 2745 clericali
1099 2681 1266 2746 initiatum

114 2773 150 2830 et
173 2766 298 2831 nullum
329 2768 518 2830 canonicum
548 2765 820 2851 impedimentum
847 2765 890 2830 ad
918 2766 1068 2832 ordinem
1093 2766 1268 2833 sacerdotii

115 2854 258 2938 (praeter
273 2852 434 2917 defectum
460 2851 583 2936 aetatis)
598 2852 787 2937 patientem,
802 2874 861 2916 nec
887 2852 987 2916 ullam
1013 2860 1175 2939 praeterea
1218 2877 1266 2919 ar·

116 2947 183 3002 tem
207 2941 322 3004 statuti
346 2938 388 3002 de
412 2938 570 3025 qualitate
593 2950 624 3001 et
648 2938 898 3003 circumstantiis
920 2936 1077 3023 eligibilis
1098 2942 1168 3023 jam
1192 2876 1268 3005 lieri

114 3022 207 3105 mihi,
222 3026 400 3111 quominus
414 3026 476 3089 rite
490 3034 524 3089 et
544 3023 689 3109 legitime
699 3026 796 3111 juxta
808 3022 892 3089 illud
900 3023 1023 3088 electus
1037 3046 1119 3097 sum,
1134 3027 1266 3109 quovis·

114 3110 214 3176 modo
238 3118 487 3197 repugnantem.
532 3110 626 3189 Item,
651 3109 741 3197 qnod
755 3109 880 3175 nullius
900 3129 1051 3195 personae
1075 3130 1266 3175 consensum

114 3196 169 3261 vel
184 3197 377 3283 suffragium
393 3196 436 3261 ad
460 3218 512 3261 me
527 3196 561 3259 in
575 3196 754 3261 scholarem
768 3195 867 3282 hujus
881 3194 1018 3280 collegii
1031 3194 1266 3261 nominandum

114 3282 169 3347 vel
184 3283 375 3369 eligendum
390 3284 432 3347 im
479 3282 564 3347 travi
578 3281 630 3347 vel
644 3282 825 3367 procuravi,
836 3281 944 3367 pretio
958 3280 1011 3345 vel
1024 3278 1172 3346 mercede
1187 3282 1266 3348 data

114 3368 169 3433 vel
194 3367 314 3443 danda,
338 3376 395 3435 aut
420 3304 503 3433 alrirs
527 3389 629 3455 opera
651 3389 724 3432 mea
740 3389 800 3453 pro
814 3388 877 3445 me,
921 3373 1061 3430 uatenus
1084 3366 1184 3431 sciam
1207 3379 1266 3435 aut

114 3453 258 3535 credam,
270 3456 456 3543 impetravit
465 3454 518 3520 vel
534 3454 730 3539 procuravit,
768 3453 851 3518 retio
867 3389 921 3517 vel
934 3451 1083 3517 mercede
1097 3452 1178 3519 data
1190 3476 1265 3541 pro·

114 3542 216 3605 missa
237 3542 292 3607 vel
316 3540 436 3607 danda.
481 3542 524 3604 Et
547 3539 637 3627 quod
659 3561 724 3603 non
743 3475 853 3603 liabeo
876 3538 1010 3626 aliquod
1032 3550 1154 3603 certum
1177 3543 1267 3608 unde

113 3650 251 3713 possum
274 3627 459 3714 expendere
482 3628 651 3691 aunuatim
676 3626 765 3690 ultra
778 3626 922 3712 quinque
944 3647 1071 3691 marcas
1092 3626 1265 3715 sterlingo-

115 3735 200 3777 rum.
247 3712 343 3793 Itern,
358 3716 387 3777 ai
400 3712 569 3798 contingat
585 3734 636 3776 me
650 3713 730 3776 scire
743 3712 855 3799 aliqua
869 3719 993 3777 secreta
1006 3712 1103 3777 istius
1116 3714 1266 3801 collegii,

113 3798 189 3884 ipsa
216 3799 250 3862 in
282 3801 370 3865 illius
394 3800 551 3865 damnum
576 3806 634 3862 ant
656 3797 883 3885 prejudicium
906 3820 1075 3887 nunquam
1101 3802 1264 3867 revelabo.

111 3886 214 3963 Jtem,
230 3887 533 3973 augmentationem
555 3884 728 3963 bonorum,
745 3894 914 3957 terrarum,
929 3884 1177 3968 possessionum,
1193 3887 1267 3950 red·

115 3970 259 4045 dituum,
270 3974 393 4058 jurium
421 3969 567 4056 ejusdem
581 3970 872 4046 conservationem,
887 3969 1119 4045 defensionem,
1134 3992 1266 4056 promo-

116 4058 240 4121 tionem
257 4080 294 4121 ac
318 4056 561 4146 expeditionem
585 4057 792 4143 negotiorum
808 4077 1076 4142 quorumcunque
1098 4054 1176 4120 dicti
1190 4058 1268 4121 Col-

114 4142 205 4229 legii,
215 4142 258 4207 ad
270 4166 499 4231 quemcunque
510 4152 632 4208 statum
643 4141 777 4230 posthac
790 4141 963 4217 devenero,
972 4142 1007 4206 in
1016 4142 1105 4206 sanis
1115 4143 1269 4217 consiliis,

116 4230 296 4305 beneficiis,
313 4231 480 4297 favoribus
495 4240 529 4294 et
544 4229 684 4301 auxiliis,
699 4228 908 4314 quantumin
923 4250 976 4292 me
991 4226 1092 4291 fuerit
1106 4238 1142 4291 et
1157 4229 1269 4295 adme

115 4318 324 4403 pertinuerit,
347 4317 523 4402 diligenter
538 4316 664 4399 juvabo
678 4324 713 4379 et
733 4336 794 4398 pro
816 4312 931 4378 eodem
950 4313 1086 4377 fideliter
1101 4313 1267 4394 laborabo,

114 4400 275 4489 quamdiu
300 4406 404 4467 vixero
432 4407 465 4466 in
490 4402 550 4463 hoc
581 4399 713 4464 mundo.
762 4400 854 4474 item,
874 4398 963 4483 quod
993 4420 1058 4461 non
1088 4403 1268 4484 procurabo

115 4488 380 4561 diminutionem,
404 4486 656 4555 translationem,
684 4486 895 4548 mutationem
919 4507 976 4547 seu
1003 4483 1268 4564 destructionem,
1431 4535 1473 4547 ..
