3000 4700
285 236 474 320 Injunetions
487 236 552 298 aad
564 234 868 318 [interpretationem
887 234 1024 298 Visitors.
1190 231 1252 296 129

99 423 288 506 antiquiore
313 423 377 485 isto
402 421 633 486 Universitatis
648 427 784 498 statuto,
804 442 868 504 quo
882 441 943 506 per
957 419 1121 484 difficilem
1136 419 1251 484 suffra-

100 510 232 594 giorum
261 509 422 574 ambitum
447 505 642 571 creabantur
669 507 910 579 Procuratores,
937 528 1085 589 novaque
1108 507 1250 570 subinde

98 595 304 660 ordinatione
318 595 352 658 in
368 595 473 659 locum
487 593 678 666 substituta,
695 615 761 675 qua
781 593 902 676 absque
915 592 1056 678 strepitu
1071 600 1105 656 et
1118 602 1250 657 conten·
1295 635 1299 641 -

101 680 194 744 tione
210 681 245 745 in
260 680 487 767 singularibus
504 679 672 765 Collegiis,
690 683 785 764 juxta
806 677 998 743 methodum
1022 678 1055 741 in
1080 678 1168 764 cyclo
1192 677 1250 742 de-

99 767 266 852 scriptam,
283 767 317 830 in
333 767 393 831 hoc
406 766 546 831 officium
565 767 614 845 (in
628 788 663 829 se
677 765 894 828 necessarium
909 765 989 828 satis
1008 772 1042 827 et
1057 763 1248 847 honestum)

101 853 230 936 possint
250 853 453 939 promoveri3
481 852 656 937 quaesitum
672 859 733 928 est,
750 871 802 928 an,
818 850 865 914 sic
882 856 1011 914 mutato
1025 870 1134 913 rerum
1149 858 1249 925 statu,

100 939 242 1022 pristina
261 938 368 1002 adhuc
381 946 484 1003 staret
498 937 686 1022 obligatio?

146 1024 228 1099 Nos,
249 1024 417 1088 commodo
438 1030 472 1088 et
486 1024 604 1087 honori
620 1023 701 1087 dicti
721 1022 868 1108 collegii
891 1022 996 1085 nostri
1022 1030 1056 1085 et
1078 1022 1248 1086 Sociorum

99 1108 216 1176 debite
240 1111 406 1176 consulere
429 1109 583 1181 volentes,
600 1115 671 1195 jam
696 1108 829 1172 sublata
854 1118 889 1172 et
912 1117 1055 1172 cessante
1079 1107 1250 1172 interdicti

98 1197 254 1281 superius
270 1197 441 1261 memorati
461 1197 599 1274 ratione,
614 1196 722 1281 ipsum
736 1194 949 1258 interdictum
964 1200 1101 1280 ejusque
1117 1194 1248 1280 obliga·

100 1282 226 1347 tionem
240 1284 373 1368 penitus
388 1304 512 1346 cessare
527 1282 794 1367 interpretamur.

145 1368 187 1432 Id
202 1369 289 1432 enim
304 1392 433 1452 equum
447 1376 579 1432 censent
589 1367 676 1454 juris
691 1364 913 1431 moderatores
929 1367 1029 1451 periti
1041 1374 1091 1446 ut,
1102 1374 1249 1432 cessante

98 1455 228 1519 ratione
244 1456 339 1542 legis,
354 1466 455 1519 cesset
470 1455 532 1519 lex.

148 1541 221 1604 Nec
244 1541 433 1606 dubitamus
454 1541 544 1623 quin,
559 1540 589 1602 si
607 1543 678 1624 jam
701 1539 735 1601 in
758 1539 839 1602 vivis
854 1546 940 1602 esset
955 1537 1125 1603 Fundator
1140 1546 1249 1603 vester

101 1634 275 1709 nosterque
289 1628 366 1714 pius
381 1635 574 1699 antecessor,
590 1647 719 1710 semper
732 1622 947 1688 honorificum
964 1625 1044 1690 satis
1068 1623 1126 1688 sed
1153 1625 1246 1688 inno·

99 1735 176 1776 cens
187 1719 256 1799 jam
270 1715 379 1785 etiam,
396 1722 464 1777 tarn
480 1713 515 1775 in
530 1709 727 1796 capessendo
742 1733 840 1792 quam
854 1711 890 1774 in
910 1710 1090 1776 exercendo
1108 1711 1248 1776 officium

103 1798 336 1878 Procuratoris,
362 1791 463 1862 Sociis
487 1797 630 1882 Collegii
653 1796 716 1866 sui,
745 1818 884 1879 quornm
908 1796 1049 1861 utilitati
1074 1805 1109 1861 et
1131 1796 1249 1862 honori

100 1892 272 1970 tantopere
285 1885 452 1963 studebat,
466 1883 654 1949 nullatenus
670 1881 842 1947 invideret.
1250 1943 1255 1952 ,

146 1971 365 2058 Indulgemus
388 1969 502 2056 igitur,
528 1978 563 2033 et
587 1989 646 2052 per
667 1964 845 2052 pr'aesentes
868 1966 1084 2037 concedimus,
1103 1976 1138 2032 et
1152 1968 1248 2034 licere

100 2059 365 2142 pronuntiamus,
380 2064 420 2122 ut
434 2055 514 2120 socii
536 2067 568 2118 et
583 2054 756 2118 Scholares
771 2054 848 2118 dicti
864 2052 1009 2138 Collegii
1023 2053 1129 2116 nostri
1144 2056 1247 2138 privi-

99 2143 189 2227 legio
214 2164 275 2228 per
297 2143 454 2207 moderna
481 2139 717 2217 Universitatis
739 2146 866 2204 statuta
890 2140 977 2203 dicto
1002 2137 1152 2224 Collegio
1174 2162 1247 2204 con·

98 2251 189 2293 cesso
200 2229 304 2294 libere
314 2238 470 2302 utantur3
486 2227 696 2313 prohibentes
707 2227 849 2304 interim,
862 2225 924 2289 sub
935 2245 1032 2311 poena
1044 2231 1253 2311 contemptus*

99 2316 236 2403 hujusce
250 2315 401 2381 mandati
415 2315 529 2387 nostri,
543 2335 594 2391 ne,
614 2313 649 2376 in
664 2311 848 2377 exercenda
865 2311 1021 2377 libertate
1043 2330 1104 2397 per
1122 2317 1248 2378 statuta

100 2402 339 2467 Universitntis
361 2402 506 2471 inducta,
531 2409 563 2464 et
589 2399 839 2463 Procuratorum
862 2400 992 2485 privata
1011 2397 1168 2462 electione
1187 2420 1247 2485 per

99 2511 159 2553 nos
182 2496 251 2575 jam
279 2489 470 2575 approbata,
485 2486 613 2550 factiosi
635 2483 761 2567 aliquid
786 2486 874 2548 intra
898 2484 1087 2569 Collegium
1110 2487 1246 2570 geratis.

102 2575 179 2651 Quo
192 2584 304 2640 autem
319 2575 439 2640 certius
455 2573 498 2636 ab
514 2573 673 2636 electione
692 2571 883 2659 hujusmodi
896 2571 1000 2634 omnis
1012 2570 1124 2634 exulet
1136 2571 1246 2643 factio,

97 2684 176 2725 eum
191 2662 341 2725 volumus
356 2662 390 2724 in
406 2659 546 2723 officium
562 2658 787 2722 Procuratoris
801 2657 892 2742 eligi,
908 2665 941 2721 et
954 2678 1015 2743 pro
1031 2658 1247 2723 Procuratore

97 2747 204 2811 electo
230 2747 413 2834 presentari
442 2745 570 2812 debere.
597 2752 631 2806 et
652 2765 749 2827 quern
773 2742 956 2807 Praesidens
981 2751 1014 2827 et
1040 2750 1168 2828 septem
1197 2767 1246 2808 se·

97 2834 217 2914 niores,
241 2842 299 2897 eut
322 2830 501 2897 eorundem
523 2853 599 2916 pars
623 2834 736 2915 major,
759 2830 978 2893 consenserint
1002 2829 1246 2915 (praecipientes

95 2918 197 3001 quod,
212 2921 337 2984 caeteris
350 2917 496 3004 paribuS,
506 2916 707 2980 senioritatis
717 2936 847 3000 semper
855 2915 1013 2979 habeatur
1022 2915 1121 2995 ratio)
1134 2939 1142 2979 z
1157 2916 1243 2997 quod

96 3007 127 3067 si
151 3005 345 3070 dividantur
358 3029 400 3069 ex
416 3026 508 3086 arquo
521 3003 689 3086 suffragia,
707 3002 800 3064 illum
822 3002 1066 3065 Procuratorem
1081 3000 1150 3063 fore
1166 3000 1246 3065 defi-

96 3092 207 3155 nimus
222 3094 257 3155 in
272 3115 368 3176 quem
386 3089 567 3153 Praesidens
582 3099 616 3153 et
631 3088 687 3151 alii
703 3087 790 3151 Socii
803 3086 1003 3151 contulerint
1016 3085 1183 3169 suffragia.

143 3177 185 3241 In
202 3184 293 3263 cujus
310 3177 452 3240 definitae
468 3185 586 3238 nostrae
609 3174 781 3237 sententiae
796 3171 1084 3249 confirmationem,
1099 3171 1245 3256 sigillum

95 3273 245 3327 nostrum
268 3262 452 3349 tsspiscopale
467 3260 682 3347 praesentibus
697 3258 820 3345 apponi
828 3258 971 3322 fecimus.
995 3257 1071 3320 Dat.
1084 3256 1246 3322 tricesimo

96 3348 153 3411 die
178 3350 299 3413 mensis
323 3347 522 3419 Decembris,
548 3368 632 3409 anno
657 3344 795 3409 Domini
816 3342 989 3408 millesimo
1012 3344 1246 3408 sexcentesimo

93 3438 297 3521 sexagesimo
312 3435 462 3521 septimo,
477 3441 662 3515 nostraeque
677 3430 897 3495 translationis
913 3450 998 3578 agno
1014 3436 1116 3579 seppto.

969 3535 1022 3582 EO.
1085 3534 1200 3581 rurum

326 3714 578 3798 [Interpretation
593 3716 632 3799 of
641 3714 760 3797 Bishop
775 3712 882 3789 Meros,
903 3710 1014 3797 lest]

142 3832 252 3908 Peter,
268 3833 311 3915 by
326 3831 438 3896 divine
504 3832 653 3896 rmission
672 3829 761 3893 Lord
787 3828 911 3914 Bishop
926 3828 964 3892 ot'
975 3828 1191 3903 winchester,
1210 3835 1244 3890 to

93 3918 153 3984 the
176 3917 352 3982 Reverend
374 3918 432 3983 the
484 3918 629 3983 resident
651 3914 718 3981 and
745 3914 864 3980 Senior
893 3915 1027 3977 Fellows
1053 3914 1092 3976 of
1113 3912 1253 3995 Corpus·

94 4004 220 4070 Christi
243 4004 388 4088 College,
421 4003 549 4069 Health
572 4005 605 4067 in
631 4024 692 4068 our
719 4001 813 4066 Lord
837 4000 1047 4084 everlasting.
1086 3997 1244 4061 Whereas

94 4091 161 4155 Mr.
178 4090 271 4154 John
287 4089 397 4168 Dulce,
418 4091 534 4155 Fellow
551 4091 589 4154 of
598 4112 680 4177 your
694 4088 843 4173 College,
860 4084 986 4169 having
1001 4082 1166 4168 regularly
1177 4082 1245 4145 and

93 4176 270 4261 according
285 4185 319 4238 to
342 4176 398 4240 the
419 4176 579 4241 direction
603 4176 640 4241 of
658 4197 741 4261 your
764 4182 901 4237 statutes
926 4171 1020 4236 made
1045 4168 1243 4254 application

92 4272 129 4329 to
151 4284 203 4331 me
217 4261 268 4325 for
285 4286 338 4347 my
355 4285 448 4327 sense
473 4262 537 4326 and
559 4262 693 4348 opinion
721 4260 760 4323 of
778 4283 798 4323 a
820 4260 929 4322 clause
952 4257 985 4319 in
1010 4277 1092 4340 your
1118 4262 1245 4317 statute

92 4348 166 4412 “de
185 4348 278 4412 exitu
297 4351 340 4412 ab
366 4348 589 4413 Universitate
615 4356 649 4411 et
663 4345 760 4410 venia
775 4344 949 4431 petenda,''
969 4344 1024 4405 the
1040 4340 1197 4423 meaning
1212 4342 1249 4403 of

92 4433 198 4501 which
219 4458 287 4521 you
308 4434 368 4501 did
390 4446 449 4501 not
464 4432 697 4603 unanimoppzly
712 4454 810 4518 agree
826 4451 914 4516 upon
930 4437 965 4494 at
981 4428 1086 4493 honre.
1115 4424 1126 4488 l
1146 4426 1245 4493 Peter

675 4569 681 4583 .
1091 4532 1113 4575 K
