<?xml version="1.0" encoding="UTF-8"?>
<!DOCTYPE html PUBLIC "-//W3C//DTD XHTML 1.0 Transitional//EN"
    "http://www.w3.org/TR/xhtml1/DTD/xhtml1-transitional.dtd">
<html xmlns="http://www.w3.org/1999/xhtml" xml:lang="en" lang="en">
 <head>
  <title>
</title>
<meta http-equiv="Content-Type" content="text/html;charset=utf-8" />
  <meta name='ocr-system' content='tesseract 3.04.00' />
  <meta name='ocr-capabilities' content='ocr_page ocr_carea ocr_par ocr_line ocrx_word'/>
</head>
<body>
  <div class='ocr_page' id='page_1' title='image "./statutescollege02oxfogoog_0066.png"; bbox 0 0 3000 4700; ppageno 0'>
   <div class='ocr_carea' id='block_1_1' title="bbox 319 165 1261 272">
    <p class='ocr_par' dir='ltr' id='par_1_1' title="bbox 319 165 1261 272">
     <span class='ocr_line' id='line_1_1' title="bbox 319 165 1261 272; baseline 0.003 -23"><span class='ocrx_word' id='word_1_1' title='bbox 319 165 453 252; x_wconf 76' lang='lat' dir='ltr'><strong>Statutss</strong></span> <span class='ocrx_word' id='word_1_2' title='bbox 468 187 507 270; x_wconf 82' lang='lat' dir='ltr'><strong>of</strong></span> <span class='ocrx_word' id='word_1_3' title='bbox 520 184 636 270; x_wconf 77' lang='lat' dir='ltr'><strong>Corpus</strong></span> <span class='ocrx_word' id='word_1_4' title='bbox 656 185 775 251; x_wconf 76' lang='lat' dir='ltr'><em>Christi</em></span> <span class='ocrx_word' id='word_1_5' title='bbox 793 184 917 271; x_wconf 75' lang='lat' dir='ltr'><strong>Collepe,</strong></span> <span class='ocrx_word' id='word_1_6' title='bbox 938 188 1065 272; x_wconf 82' lang='lat' dir='ltr'><strong>Orford.</strong></span> <span class='ocrx_word' id='word_1_7' title='bbox 1220 189 1261 252; x_wconf 83' lang='lat'><strong>41</strong></span> 
     </span>
    </p>
   </div>
   <div class='ocr_carea' id='block_1_2' title="bbox 57 346 1475 4467">
    <p class='ocr_par' dir='ltr' id='par_1_2' title="bbox 114 346 1475 866">
     <span class='ocr_line' id='line_1_2' title="bbox 116 346 1264 434; baseline 0.006 -26"><span class='ocrx_word' id='word_1_8' title='bbox 116 346 243 424; x_wconf 83' lang='lat' dir='ltr'><strong>missae3</strong></span> <span class='ocrx_word' id='word_1_9' title='bbox 269 346 334 414; x_wconf 88' lang='lat' dir='ltr'><strong>nisi</strong></span> <span class='ocrx_word' id='word_1_10' title='bbox 353 365 451 412; x_wconf 85' lang='lat' dir='ltr'><strong>causa</strong></span> <span class='ocrx_word' id='word_1_11' title='bbox 465 348 657 427; x_wconf 86' lang='lat' dir='ltr'><strong>necessaria,</strong></span> <span class='ocrx_word' id='word_1_12' title='bbox 673 358 709 413; x_wconf 87' lang='lat' dir='ltr'><strong>ut</strong></span> <span class='ocrx_word' id='word_1_13' title='bbox 733 350 945 434; x_wconf 73' lang='lat' dir='ltr'><strong>premittitur</strong></span> <span class='ocrx_word' id='word_1_14' title='bbox 958 373 979 414; x_wconf 86' lang='lat' dir='ltr'><strong>a</strong></span> <span class='ocrx_word' id='word_1_15' title='bbox 1004 349 1184 434; x_wconf 87' lang='lat' dir='ltr'><strong>probanda,</strong></span> <span class='ocrx_word' id='word_1_16' title='bbox 1208 373 1264 416; x_wconf 88' lang='lat' dir='ltr'><strong>eos</strong></span> 
     </span>
     <span class='ocr_line' id='line_1_3' title="bbox 114 373 1402 520; baseline 0.005 -26"><span class='ocrx_word' id='word_1_17' title='bbox 114 432 309 515; x_wconf 86' lang='lat' dir='ltr'><strong>quandoque</strong></span> <span class='ocrx_word' id='word_1_18' title='bbox 324 435 515 499; x_wconf 80' lang='lat' dir='ltr'><strong>evocaverit.</strong></span> <span class='ocrx_word' id='word_1_19' title='bbox 560 435 735 514; x_wconf 70' lang='lat' dir='ltr'><strong>Praeterea,</strong></span> <span class='ocrx_word' id='word_1_20' title='bbox 751 436 898 499; x_wconf 89' lang='lat' dir='ltr'><strong>volumus</strong></span> <span class='ocrx_word' id='word_1_21' title='bbox 913 373 1002 520; x_wconf 65' lang='lat' dir='ltr'><strong>quoi</strong></span> <span class='ocrx_word' id='word_1_22' title='bbox 1019 437 1052 500; x_wconf 89' lang='lat' dir='ltr'><strong>in</strong></span> <span class='ocrx_word' id='word_1_23' title='bbox 1072 435 1164 501; x_wconf 81' lang='lat' dir='ltr'><strong>sestis</strong></span> <span class='ocrx_word' id='word_1_24' title='bbox 1186 458 1264 519; x_wconf 87' lang='lat' dir='ltr'><strong>qua·</strong></span> <span class='ocrx_word' id='word_1_25' title='bbox 1276 460 1361 507; x_wconf 71' lang='lat' dir='ltr'><strong>Fessa</strong></span> <span class='ocrx_word' id='word_1_26' title='bbox 1371 461 1402 506; x_wconf 79' lang='lat' dir='ltr'><strong>or</strong></span> 
     </span>
     <span class='ocr_line' id='line_1_4' title="bbox 115 518 1475 624; baseline 0.004 -44"><span class='ocrx_word' id='word_1_27' title='bbox 115 529 192 580; x_wconf 89' lang='lat' dir='ltr'><strong>tuor</strong></span> <span class='ocrx_word' id='word_1_28' title='bbox 205 519 380 583; x_wconf 83' lang='lat' dir='ltr'><strong>Doctorum</strong></span> <span class='ocrx_word' id='word_1_29' title='bbox 387 519 548 598; x_wconf 77' lang='lat' dir='ltr'>Ecclesiae,</span> <span class='ocrx_word' id='word_1_30' title='bbox 560 521 725 606; x_wconf 85' lang='lat' dir='ltr'><strong>Gregorii,</strong></span> <span class='ocrx_word' id='word_1_31' title='bbox 736 521 915 595; x_wconf 86' lang='lat' dir='ltr'><strong>Ambrosii,</strong></span> <span class='ocrx_word' id='word_1_32' title='bbox 925 521 1123 598; x_wconf 88' lang='lat' dir='ltr'><strong>Hieronimi,</strong></span> <span class='ocrx_word' id='word_1_33' title='bbox 1134 524 1262 609; x_wconf 87' lang='lat' dir='ltr'><strong>Augus·</strong></span> <span class='ocrx_word' id='word_1_34' title='bbox 1276 518 1386 624; x_wconf 51' lang='lat' dir='ltr'><strong>mu*</strong></span> <span class='ocrx_word' id='word_1_35' title='bbox 1471 521 1475 526; x_wconf 80' lang='grc'><strong>’</strong></span> 
     </span>
     <span class='ocr_line' id='line_1_5' title="bbox 115 589 1391 694; baseline 0.006 -28"><span class='ocrx_word' id='word_1_36' title='bbox 115 603 181 666; x_wconf 89' lang='lat' dir='ltr'><strong>tini</strong></span> <span class='ocrx_word' id='word_1_37' title='bbox 201 604 438 690; x_wconf 87' lang='lat' dir='ltr'><strong>Hipponensis,</strong></span> <span class='ocrx_word' id='word_1_38' title='bbox 455 629 492 670; x_wconf 88' lang='lat' dir='ltr'><strong>ac</strong></span> <span class='ocrx_word' id='word_1_39' title='bbox 507 608 606 670; x_wconf 87' lang='lat' dir='ltr'><strong>etiam</strong></span> <span class='ocrx_word' id='word_1_40' title='bbox 627 608 737 670; x_wconf 84' lang='lat' dir='ltr'><strong>Sancti</strong></span> <span class='ocrx_word' id='word_1_41' title='bbox 753 607 941 693; x_wconf 84' lang='lat' dir='ltr'><strong>Augustini</strong></span> <span class='ocrx_word' id='word_1_42' title='bbox 955 609 1140 694; x_wconf 87' lang='lat' dir='ltr'><strong>Anglorum</strong></span> <span class='ocrx_word' id='word_1_43' title='bbox 1154 611 1263 694; x_wconf 90' lang='lat' dir='ltr'><strong>Apes·</strong></span> <span class='ocrx_word' id='word_1_44' title='bbox 1357 589 1391 624; x_wconf 55' lang='grc' dir='ltr'><strong>η’</strong></span> 
     </span>
     <span class='ocr_line' id='line_1_6' title="bbox 116 689 1264 771; baseline 0.003 -17"><span class='ocrx_word' id='word_1_45' title='bbox 116 689 186 767; x_wconf 91' lang='lat' dir='ltr'><strong>toli,</strong></span> <span class='ocrx_word' id='word_1_46' title='bbox 204 689 304 753; x_wconf 88' lang='lat' dir='ltr'><strong>missa</strong></span> <span class='ocrx_word' id='word_1_47' title='bbox 326 692 473 755; x_wconf 89' lang='lat' dir='ltr'><strong>solennis</strong></span> <span class='ocrx_word' id='word_1_48' title='bbox 496 691 537 756; x_wconf 88' lang='lat' dir='ltr'><strong>de</strong></span> <span class='ocrx_word' id='word_1_49' title='bbox 558 693 643 756; x_wconf 82' lang='lat' dir='ltr'><strong>festo</strong></span> <span class='ocrx_word' id='word_1_50' title='bbox 666 692 765 771; x_wconf 92' lang='lat' dir='ltr'><strong>illius,</strong></span> <span class='ocrx_word' id='word_1_51' title='bbox 782 693 866 757; x_wconf 89' lang='lat' dir='ltr'><strong>sieut</strong></span> <span class='ocrx_word' id='word_1_52' title='bbox 894 695 928 756; x_wconf 92' lang='lat' dir='ltr'><strong>in</strong></span> <span class='ocrx_word' id='word_1_53' title='bbox 954 694 1027 758; x_wconf 88' lang='lat' dir='ltr'><strong>aliis</strong></span> <span class='ocrx_word' id='word_1_54' title='bbox 1051 694 1264 759; x_wconf 86' lang='lat' dir='ltr'><strong>inferioribus</strong></span> 
     </span>
     <span class='ocr_line' id='line_1_7' title="bbox 116 774 1264 866; baseline 0.005 -29"><span class='ocrx_word' id='word_1_55' title='bbox 116 774 316 860; x_wconf 83' lang='lat' dir='ltr'><strong>duplicibus,</strong></span> <span class='ocrx_word' id='word_1_56' title='bbox 333 777 367 839; x_wconf 92' lang='lat' dir='ltr'><strong>in</strong></span> <span class='ocrx_word' id='word_1_57' title='bbox 384 778 503 842; x_wconf 89' lang='lat' dir='ltr'><strong>sacello</strong></span> <span class='ocrx_word' id='word_1_58' title='bbox 524 778 627 842; x_wconf 88' lang='lat' dir='ltr'><strong>nostri</strong></span> <span class='ocrx_word' id='word_1_59' title='bbox 643 776 795 864; x_wconf 87' lang='lat' dir='ltr'><strong>Collegii,</strong></span> <span class='ocrx_word' id='word_1_60' title='bbox 813 779 855 843; x_wconf 84' lang='lat' dir='ltr'><strong>ad</strong></span> <span class='ocrx_word' id='word_1_61' title='bbox 872 802 1062 866; x_wconf 91' lang='lat' dir='ltr'><strong>supremum</strong></span> <span class='ocrx_word' id='word_1_62' title='bbox 1076 780 1187 858; x_wconf 87' lang='lat' dir='ltr'><strong>altare,</strong></span> <span class='ocrx_word' id='word_1_63' title='bbox 1204 802 1264 865; x_wconf 93' lang='lat' dir='ltr'><strong>per</strong></span> 
     </span>
    </p>

    <p class='ocr_par' dir='ltr' id='par_1_3' title="bbox 107 861 1418 1634">
     <span class='ocr_line' id='line_1_8' title="bbox 115 861 1264 962; baseline 0.005 -40"><span class='ocrx_word' id='word_1_64' title='bbox 115 883 220 925; x_wconf 91' lang='lat' dir='ltr'><strong>unum</strong></span> <span class='ocrx_word' id='word_1_65' title='bbox 236 861 366 926; x_wconf 84' lang='lat' dir='ltr'><strong>Socium</strong></span> <span class='ocrx_word' id='word_1_66' title='bbox 382 862 425 926; x_wconf 90' lang='lat' dir='ltr'><strong>ad</strong></span> <span class='ocrx_word' id='word_1_67' title='bbox 437 863 498 928; x_wconf 89' lang='lat' dir='ltr'><strong>hoc</strong></span> <span class='ocrx_word' id='word_1_68' title='bbox 513 885 572 962; x_wconf 91' lang='lat' dir='ltr'><strong>per</strong></span> <span class='ocrx_word' id='word_1_69' title='bbox 592 863 763 928; x_wconf 87' lang='lat' dir='ltr'><strong>Decanum</strong></span> <span class='ocrx_word' id='word_1_70' title='bbox 778 864 975 952; x_wconf 87' lang='lat' dir='ltr'><strong>deputatum</strong></span> <span class='ocrx_word' id='word_1_71' title='bbox 990 867 1171 930; x_wconf 84' lang='lat' dir='ltr'><strong>celebretur</strong></span> <span class='ocrx_word' id='word_1_72' title='bbox 1179 891 1189 944; x_wconf 91' lang='lat'>;</span> <span class='ocrx_word' id='word_1_73' title='bbox 1209 865 1264 929; x_wconf 92' lang='lat' dir='ltr'><strong>cui</strong></span> 
     </span>
     <span class='ocr_line' id='line_1_9' title="bbox 115 946 1262 1030; baseline 0.004 -21"><span class='ocrx_word' id='word_1_74' title='bbox 115 946 265 1030; x_wconf 83' lang='lat' dir='ltr'><strong>praedicti</strong></span> <span class='ocrx_word' id='word_1_75' title='bbox 278 970 390 1012; x_wconf 90' lang='lat' dir='ltr'><strong>omnes</strong></span> <span class='ocrx_word' id='word_1_76' title='bbox 414 950 566 1014; x_wconf 82' lang='lat' dir='ltr'><strong>intersint</strong></span> <span class='ocrx_word' id='word_1_77' title='bbox 588 959 624 1013; x_wconf 89' lang='lat' dir='ltr'><strong>et</strong></span> <span class='ocrx_word' id='word_1_78' title='bbox 649 971 722 1013; x_wconf 88' lang='lat' dir='ltr'><strong>earn</strong></span> <span class='ocrx_word' id='word_1_79' title='bbox 744 972 833 1014; x_wconf 87' lang='lat' dir='ltr'><strong>more</strong></span> <span class='ocrx_word' id='word_1_80' title='bbox 856 951 954 1015; x_wconf 89' lang='lat' dir='ltr'><strong>solito</strong></span> <span class='ocrx_word' id='word_1_81' title='bbox 979 951 1159 1014; x_wconf 84' lang='lat' dir='ltr'><strong>solenniter</strong></span> <span class='ocrx_word' id='word_1_82' title='bbox 1182 951 1262 1014; x_wconf 93' lang='lat' dir='ltr'><strong>cele-</strong></span> 
     </span>
     <span class='ocr_line' id='line_1_10' title="bbox 107 1033 1263 1120; baseline 0.004 -26"><span class='ocrx_word' id='word_1_83' title='bbox 107 1033 222 1100; x_wconf 87' lang='lat' dir='ltr'><strong>·breut.</strong></span> <span class='ocrx_word' id='word_1_84' title='bbox 267 1034 468 1098; x_wconf 86' lang='lat' dir='ltr'><strong>Mandamus</strong></span> <span class='ocrx_word' id='word_1_85' title='bbox 480 1035 616 1120; x_wconf 88' lang='lat' dir='ltr'><strong>insuper</strong></span> <span class='ocrx_word' id='word_1_86' title='bbox 631 1044 665 1099; x_wconf 91' lang='lat' dir='ltr'><strong>et</strong></span> <span class='ocrx_word' id='word_1_87' title='bbox 680 1035 713 1098; x_wconf 93' lang='lat' dir='ltr'><strong>in</strong></span> <span class='ocrx_word' id='word_1_88' title='bbox 728 1035 860 1100; x_wconf 89' lang='lat' dir='ltr'><strong>Christo</strong></span> <span class='ocrx_word' id='word_1_89' title='bbox 876 1035 1086 1101; x_wconf 86' lang='lat' dir='ltr'><strong>exhortamur</strong></span> <span class='ocrx_word' id='word_1_90' title='bbox 1101 1046 1139 1100; x_wconf 92' lang='lat' dir='ltr'><strong>ut</strong></span> <span class='ocrx_word' id='word_1_91' title='bbox 1154 1037 1263 1100; x_wconf 91' lang='lat' dir='ltr'><strong>omnia</strong></span> 
     </span>
     <span class='ocr_line' id='line_1_11' title="bbox 115 1119 1372 1207; baseline 0.004 -27"><span class='ocrx_word' id='word_1_92' title='bbox 115 1125 301 1197; x_wconf 87' lang='lat' dir='ltr'><strong>cantentur,</strong></span> <span class='ocrx_word' id='word_1_93' title='bbox 317 1119 484 1206; x_wconf 87' lang='lat' dir='ltr'><strong>legantur,</strong></span> <span class='ocrx_word' id='word_1_94' title='bbox 501 1120 665 1200; x_wconf 88' lang='lat' dir='ltr'><strong>distincte,</strong></span> <span class='ocrx_word' id='word_1_95' title='bbox 682 1120 811 1199; x_wconf 89' lang='lat' dir='ltr'><strong>devote,</strong></span> <span class='ocrx_word' id='word_1_96' title='bbox 824 1122 889 1207; x_wconf 91' lang='lat' dir='ltr'><strong>pie,</strong></span> <span class='ocrx_word' id='word_1_97' title='bbox 904 1122 1070 1206; x_wconf 84' lang='lat' dir='ltr'><strong>religiose,</strong></span> <span class='ocrx_word' id='word_1_98' title='bbox 1083 1121 1260 1200; x_wconf 91' lang='lat' dir='ltr'><strong>moderate,</strong></span> <span class='ocrx_word' id='word_1_99' title='bbox 1275 1149 1372 1195; x_wconf 73' lang='lat' dir='ltr'><strong>nocent</strong></span> 
     </span>
     <span class='ocr_line' id='line_1_12' title="bbox 115 1205 1394 1292; baseline 0.002 -27"><span class='ocrx_word' id='word_1_100' title='bbox 115 1213 253 1283; x_wconf 89' lang='lat' dir='ltr'><strong>mature,</strong></span> <span class='ocrx_word' id='word_1_101' title='bbox 278 1205 350 1268; x_wconf 90' lang='lat' dir='ltr'><strong>sine</strong></span> <span class='ocrx_word' id='word_1_102' title='bbox 368 1207 607 1292; x_wconf 86' lang='lat' dir='ltr'><strong>properatione,</strong></span> <span class='ocrx_word' id='word_1_103' title='bbox 632 1207 812 1270; x_wconf 90' lang='lat' dir='ltr'><strong>secundum</strong></span> <span class='ocrx_word' id='word_1_104' title='bbox 826 1229 922 1271; x_wconf 91' lang='lat' dir='ltr'><strong>usum</strong></span> <span class='ocrx_word' id='word_1_105' title='bbox 946 1208 1096 1271; x_wconf 87' lang='lat' dir='ltr'><strong>Sarensis</strong></span> <span class='ocrx_word' id='word_1_106' title='bbox 1110 1207 1261 1272; x_wconf 78' lang='lat' dir='ltr'><strong>ecclesiae.</strong></span> <span class='ocrx_word' id='word_1_107' title='bbox 1273 1209 1394 1267; x_wconf 76' lang='lat' dir='ltr'><strong>perform-</strong></span> 
     </span>
     <span class='ocr_line' id='line_1_13' title="bbox 118 1266 1418 1378; baseline 0.005 -27"><span class='ocrx_word' id='word_1_108' title='bbox 118 1289 186 1352; x_wconf 90' lang='lat' dir='ltr'><strong>Ncc</strong></span> <span class='ocrx_word' id='word_1_109' title='bbox 204 1301 315 1354; x_wconf 90' lang='lat' dir='ltr'><strong>tamen</strong></span> <span class='ocrx_word' id='word_1_110' title='bbox 331 1293 517 1378; x_wconf 88' lang='lat' dir='ltr'><strong>obligamus</strong></span> <span class='ocrx_word' id='word_1_111' title='bbox 540 1315 596 1356; x_wconf 89' lang='lat' dir='ltr'><strong>eos</strong></span> <span class='ocrx_word' id='word_1_112' title='bbox 620 1293 662 1355; x_wconf 90' lang='lat' dir='ltr'><strong>ad</strong></span> <span class='ocrx_word' id='word_1_113' title='bbox 681 1292 813 1356; x_wconf 86' lang='lat' dir='ltr'><strong>missam</strong></span> <span class='ocrx_word' id='word_1_114' title='bbox 834 1293 870 1355; x_wconf 93' lang='lat' dir='ltr'><strong>in</strong></span> <span class='ocrx_word' id='word_1_115' title='bbox 884 1293 1027 1378; x_wconf 87' lang='lat' dir='ltr'><strong>capitulo</strong></span> <span class='ocrx_word' id='word_1_116' title='bbox 1043 1315 1101 1357; x_wconf 90' lang='lat' dir='ltr'><strong>nec</strong></span> <span class='ocrx_word' id='word_1_117' title='bbox 1127 1291 1169 1356; x_wconf 93' lang='lat' dir='ltr'><strong>ad</strong></span> <span class='ocrx_word' id='word_1_118' title='bbox 1183 1295 1258 1357; x_wconf 90' lang='lat' dir='ltr'><strong>ceri·</strong></span> <span class='ocrx_word' id='word_1_119' title='bbox 1274 1266 1418 1372; x_wconf 47' lang='lat' dir='ltr'><strong>affirm.</strong></span> 
     </span>
     <span class='ocr_line' id='line_1_14' title="bbox 115 1376 1338 1464; baseline 0.007 -29"><span class='ocrx_word' id='word_1_120' title='bbox 115 1376 242 1438; x_wconf 83' lang='lat' dir='ltr'><strong>monias</strong></span> <span class='ocrx_word' id='word_1_121' title='bbox 267 1386 399 1440; x_wconf 87' lang='lat' dir='ltr'><strong>exactas</strong></span> <span class='ocrx_word' id='word_1_122' title='bbox 425 1379 519 1442; x_wconf 84' lang='lat' dir='ltr'><strong>dictae</strong></span> <span class='ocrx_word' id='word_1_123' title='bbox 544 1377 695 1442; x_wconf 74' lang='lat' dir='ltr'><strong>ecclesiae.</strong></span> <span class='ocrx_word' id='word_1_124' title='bbox 749 1378 821 1442; x_wconf 93' lang='lat' dir='ltr'><strong>Nec</strong></span> <span class='ocrx_word' id='word_1_125' title='bbox 844 1379 1016 1464; x_wconf 85' lang='lat' dir='ltr'><strong>quispiam,</strong></span> <span class='ocrx_word' id='word_1_126' title='bbox 1042 1379 1122 1443; x_wconf 92' lang='lat' dir='ltr'><strong>dum</strong></span> <span class='ocrx_word' id='word_1_127' title='bbox 1149 1378 1338 1443; x_wconf 65' lang='lat' dir='ltr'><strong>divinaeve·</strong></span> 
     </span>
     <span class='ocr_line' id='line_1_15' title="bbox 114 1462 1263 1546; baseline 0.006 -24"><span class='ocrx_word' id='word_1_128' title='bbox 114 1469 153 1546; x_wconf 91' lang='lat' dir='ltr'><strong>ut</strong></span> <span class='ocrx_word' id='word_1_129' title='bbox 176 1463 390 1546; x_wconf 77' lang='lat' dir='ltr'><strong>praemittitur</strong></span> <span class='ocrx_word' id='word_1_130' title='bbox 414 1463 448 1525; x_wconf 93' lang='lat' dir='ltr'><strong>in</strong></span> <span class='ocrx_word' id='word_1_131' title='bbox 474 1463 571 1527; x_wconf 89' lang='lat' dir='ltr'><strong>choro</strong></span> <span class='ocrx_word' id='word_1_132' title='bbox 593 1462 810 1541; x_wconf 87' lang='lat' dir='ltr'><strong>celebrentur,</strong></span> <span class='ocrx_word' id='word_1_133' title='bbox 835 1474 868 1528; x_wconf 88' lang='lat' dir='ltr'><strong>et</strong></span> <span class='ocrx_word' id='word_1_134' title='bbox 894 1463 973 1527; x_wconf 90' lang='lat' dir='ltr'><strong>dum</strong></span> <span class='ocrx_word' id='word_1_135' title='bbox 995 1464 1054 1529; x_wconf 90' lang='lat' dir='ltr'><strong>alii</strong></span> <span class='ocrx_word' id='word_1_136' title='bbox 1079 1473 1202 1528; x_wconf 91' lang='lat' dir='ltr'><strong>canunt</strong></span> <span class='ocrx_word' id='word_1_137' title='bbox 1228 1475 1263 1529; x_wconf 92' lang='lat' dir='ltr'><strong>et</strong></span> 
     </span>
     <span class='ocr_line' id='line_1_16' title="bbox 113 1547 1263 1634; baseline 0.006 -26"><span class='ocrx_word' id='word_1_138' title='bbox 113 1548 272 1632; x_wconf 88' lang='lat' dir='ltr'><strong>psallunt,</strong></span> <span class='ocrx_word' id='word_1_139' title='bbox 289 1547 378 1612; x_wconf 88' lang='lat' dir='ltr'><strong>dicat</strong></span> <span class='ocrx_word' id='word_1_140' title='bbox 392 1570 469 1612; x_wconf 92' lang='lat' dir='ltr'><strong>voce</strong></span> <span class='ocrx_word' id='word_1_141' title='bbox 492 1549 655 1613; x_wconf 88' lang='lat' dir='ltr'><strong>submissa</strong></span> <span class='ocrx_word' id='word_1_142' title='bbox 673 1550 852 1613; x_wconf 90' lang='lat' dir='ltr'><strong>matutinas</strong></span> <span class='ocrx_word' id='word_1_143' title='bbox 871 1562 905 1614; x_wconf 90' lang='lat' dir='ltr'><strong>et</strong></span> <span class='ocrx_word' id='word_1_144' title='bbox 928 1550 1024 1614; x_wconf 87' lang='lat' dir='ltr'><strong>horas</strong></span> <span class='ocrx_word' id='word_1_145' title='bbox 1039 1550 1172 1634; x_wconf 88' lang='lat' dir='ltr'><strong>aliquas,</strong></span> <span class='ocrx_word' id='word_1_146' title='bbox 1190 1572 1263 1615; x_wconf 85' lang='lat' dir='ltr'><strong>ves-</strong></span> 
     </span>
    </p>

    <p class='ocr_par' dir='ltr' id='par_1_4' title="bbox 113 1635 1263 1720">
     <span class='ocr_line' id='line_1_17' title="bbox 113 1635 1263 1720; baseline 0.003 -25"><span class='ocrx_word' id='word_1_147' title='bbox 113 1653 220 1716; x_wconf 87' lang='lat' dir='ltr'><strong>peras,</strong></span> <span class='ocrx_word' id='word_1_148' title='bbox 235 1635 492 1720; x_wconf 87' lang='lat' dir='ltr'><strong>completorium,</strong></span> <span class='ocrx_word' id='word_1_149' title='bbox 506 1645 563 1699; x_wconf 88' lang='lat' dir='ltr'><strong>aut</strong></span> <span class='ocrx_word' id='word_1_150' title='bbox 575 1635 655 1698; x_wconf 87' lang='lat' dir='ltr'><strong>alias</strong></span> <span class='ocrx_word' id='word_1_151' title='bbox 665 1637 838 1715; x_wconf 84' lang='lat' dir='ltr'><strong>orationes,</strong></span> <span class='ocrx_word' id='word_1_152' title='bbox 851 1658 909 1719; x_wconf 85' lang='lat' dir='ltr'><strong>per</strong></span> <span class='ocrx_word' id='word_1_153' title='bbox 920 1659 955 1700; x_wconf 88' lang='lat' dir='ltr'><strong>se</strong></span> <span class='ocrx_word' id='word_1_154' title='bbox 967 1636 1020 1700; x_wconf 88' lang='lat' dir='ltr'><strong>vel</strong></span> <span class='ocrx_word' id='word_1_155' title='bbox 1029 1659 1104 1700; x_wconf 91' lang='lat' dir='ltr'><strong>cum</strong></span> <span class='ocrx_word' id='word_1_156' title='bbox 1119 1637 1184 1700; x_wconf 88' lang='lat' dir='ltr'><strong>alio</strong></span> <span class='ocrx_word' id='word_1_157' title='bbox 1197 1658 1263 1699; x_wconf 92' lang='lat' dir='ltr'><strong>uno</strong></span> 
     </span>
    </p>

    <p class='ocr_par' dir='ltr' id='par_1_5' title="bbox 113 1718 1261 1802">
     <span class='ocr_line' id='line_1_18' title="bbox 113 1718 1261 1802; baseline 0.003 -21"><span class='ocrx_word' id='word_1_158' title='bbox 113 1731 173 1782; x_wconf 88' lang='lat' dir='ltr'><strong>aut</strong></span> <span class='ocrx_word' id='word_1_159' title='bbox 217 1718 354 1800; x_wconf 87' lang='lat' dir='ltr'><strong>iuribus,</strong></span> <span class='ocrx_word' id='word_1_160' title='bbox 375 1721 555 1792; x_wconf 89' lang='lat' dir='ltr'><strong>autetiam</strong></span> <span class='ocrx_word' id='word_1_161' title='bbox 577 1721 680 1784; x_wconf 88' lang='lat' dir='ltr'><strong>literis</strong></span> <span class='ocrx_word' id='word_1_162' title='bbox 706 1723 767 1786; x_wconf 90' lang='lat' dir='ltr'><strong>nisi</strong></span> <span class='ocrx_word' id='word_1_163' title='bbox 790 1731 938 1786; x_wconf 87' lang='lat' dir='ltr'><strong>cessante</strong></span> <span class='ocrx_word' id='word_1_164' title='bbox 961 1730 1061 1786; x_wconf 83' lang='lat' dir='ltr'><strong>cantu</strong></span> <span class='ocrx_word' id='word_1_165' title='bbox 1084 1722 1261 1802; x_wconf 83' lang='lat' dir='ltr'><strong>incumbat,</strong></span> 
     </span>
    </p>

    <p class='ocr_par' dir='ltr' id='par_1_6' title="bbox 113 1742 1261 1894">
     <span class='ocr_line' id='line_1_19' title="bbox 113 1742 1261 1894; baseline 0.003 -28"><span class='ocrx_word' id='word_1_166' title='bbox 113 1812 174 1867; x_wconf 87' lang='lat' dir='ltr'><strong>aut</strong></span> <span class='ocrx_word' id='word_1_167' title='bbox 189 1742 231 1868; x_wconf 78' lang='lat' dir='ltr'><strong>iic</strong></span> <span class='ocrx_word' id='word_1_168' title='bbox 245 1807 361 1888; x_wconf 85' lang='lat' dir='ltr'><strong>quavis</strong></span> <span class='ocrx_word' id='word_1_169' title='bbox 377 1828 412 1869; x_wconf 91' lang='lat' dir='ltr'><strong>re</strong></span> <span class='ocrx_word' id='word_1_170' title='bbox 428 1805 583 1894; x_wconf 89' lang='lat' dir='ltr'><strong>disputet,</strong></span> <span class='ocrx_word' id='word_1_171' title='bbox 600 1816 656 1871; x_wconf 87' lang='lat' dir='ltr'><strong>aut</strong></span> <span class='ocrx_word' id='word_1_172' title='bbox 679 1807 714 1868; x_wconf 93' lang='lat' dir='ltr'><strong>in</strong></span> <span class='ocrx_word' id='word_1_173' title='bbox 733 1807 811 1871; x_wconf 89' lang='lat' dir='ltr'><strong>navi</strong></span> <span class='ocrx_word' id='word_1_174' title='bbox 825 1808 935 1872; x_wconf 88' lang='lat' dir='ltr'><strong>sacelli</strong></span> <span class='ocrx_word' id='word_1_175' title='bbox 949 1807 1002 1871; x_wconf 90' lang='lat' dir='ltr'><strong>vel</strong></span> <span class='ocrx_word' id='word_1_176' title='bbox 1017 1807 1096 1870; x_wconf 90' lang='lat' dir='ltr'><strong>alibi</strong></span> <span class='ocrx_word' id='word_1_177' title='bbox 1111 1817 1261 1892; x_wconf 86' lang='lat' dir='ltr'><strong>vagetur,</strong></span> 
     </span>
    </p>

    <p class='ocr_par' dir='ltr' id='par_1_7' title="bbox 113 1892 1261 1972">
     <span class='ocr_line' id='line_1_20' title="bbox 113 1892 1261 1972; baseline 0.004 -20"><span class='ocrx_word' id='word_1_178' title='bbox 113 1899 172 1953; x_wconf 88' lang='lat' dir='ltr'><strong>aut</strong></span> <span class='ocrx_word' id='word_1_179' title='bbox 194 1892 478 1972; x_wconf 88' lang='lat' dir='ltr'><strong>murmurationes,</strong></span> <span class='ocrx_word' id='word_1_180' title='bbox 520 1892 746 1971; x_wconf 79' lang='lat' dir='ltr'><strong>emulationes,</strong></span> <span class='ocrx_word' id='word_1_181' title='bbox 765 1893 953 1970; x_wconf 84' lang='lat' dir='ltr'><strong>derisiones,</strong></span> <span class='ocrx_word' id='word_1_182' title='bbox 968 1893 1061 1970; x_wconf 89' lang='lat' dir='ltr'><strong>risus,</strong></span> <span class='ocrx_word' id='word_1_183' title='bbox 1077 1892 1261 1957; x_wconf 87' lang='lat' dir='ltr'><strong>conl&#39;abula-</strong></span> 
     </span>
    </p>

    <p class='ocr_par' dir='ltr' id='par_1_8' title="bbox 111 1917 1412 2663">
     <span class='ocr_line' id='line_1_21' title="bbox 111 1917 1262 2064; baseline 0.003 -26"><span class='ocrx_word' id='word_1_184' title='bbox 111 1977 219 2040; x_wconf 89' lang='lat' dir='ltr'><strong>tiones</strong></span> <span class='ocrx_word' id='word_1_185' title='bbox 238 1987 299 2042; x_wconf 88' lang='lat' dir='ltr'><strong>aut</strong></span> <span class='ocrx_word' id='word_1_186' title='bbox 313 1978 480 2064; x_wconf 88' lang='lat' dir='ltr'><strong>strepitus,</strong></span> <span class='ocrx_word' id='word_1_187' title='bbox 497 1917 593 2042; x_wconf 67' lang='lat' dir='ltr'><strong>iaciat</strong></span> <span class='ocrx_word' id='word_1_188' title='bbox 607 1976 837 2063; x_wconf 86' lang='lat' dir='ltr'><strong>quovismod03</strong></span> <span class='ocrx_word' id='word_1_189' title='bbox 859 1999 901 2042; x_wconf 92' lang='lat' dir='ltr'><strong>ne</strong></span> <span class='ocrx_word' id='word_1_190' title='bbox 914 1998 973 2063; x_wconf 91' lang='lat' dir='ltr'><strong>per</strong></span> <span class='ocrx_word' id='word_1_191' title='bbox 988 1976 1191 2040; x_wconf 89' lang='lat' dir='ltr'><strong>inordinatos</strong></span> <span class='ocrx_word' id='word_1_192' title='bbox 1206 1987 1262 2041; x_wconf 92' lang='lat' dir='ltr'><strong>tu-</strong></span> 
     </span>
     <span class='ocr_line' id='line_1_22' title="bbox 113 2062 1261 2150; baseline 0.002 -26"><span class='ocrx_word' id='word_1_193' title='bbox 113 2062 238 2127; x_wconf 88' lang='lat' dir='ltr'><strong>multus</strong></span> <span class='ocrx_word' id='word_1_194' title='bbox 248 2062 444 2150; x_wconf 86' lang='lat' dir='ltr'><strong>hujusmodi,</strong></span> <span class='ocrx_word' id='word_1_195' title='bbox 459 2065 629 2147; x_wconf 88' lang='lat' dir='ltr'><strong>variosque</strong></span> <span class='ocrx_word' id='word_1_196' title='bbox 643 2085 757 2127; x_wconf 87' lang='lat' dir='ltr'><strong>vocum</strong></span> <span class='ocrx_word' id='word_1_197' title='bbox 773 2063 908 2142; x_wconf 89' lang='lat' dir='ltr'><strong>sonitus,</strong></span> <span class='ocrx_word' id='word_1_198' title='bbox 922 2070 1078 2126; x_wconf 80' lang='lat' dir='ltr'><strong>mutuare</strong></span> <span class='ocrx_word' id='word_1_199' title='bbox 1093 2063 1261 2146; x_wconf 88' lang='lat' dir='ltr'><strong>colloquia,</strong></span> 
     </span>
     <span class='ocr_line' id='line_1_23' title="bbox 112 2145 1261 2220; baseline 0.002 -12"><span class='ocrx_word' id='word_1_200' title='bbox 112 2145 242 2212; x_wconf 84' lang='lat' dir='ltr'><strong>devotio</strong></span> <span class='ocrx_word' id='word_1_201' title='bbox 269 2159 329 2213; x_wconf 86' lang='lat' dir='ltr'><strong>aut</strong></span> <span class='ocrx_word' id='word_1_202' title='bbox 354 2150 439 2213; x_wconf 89' lang='lat' dir='ltr'><strong>actio</strong></span> <span class='ocrx_word' id='word_1_203' title='bbox 454 2158 487 2216; x_wconf 90' lang='lat' dir='ltr'><strong>et</strong></span> <span class='ocrx_word' id='word_1_204' title='bbox 502 2149 692 2220; x_wconf 83' lang='lat' dir='ltr'><strong>exercitatio</strong></span> <span class='ocrx_word' id='word_1_205' title='bbox 714 2149 902 2212; x_wconf 87' lang='lat' dir='ltr'><strong>canentium</strong></span> <span class='ocrx_word' id='word_1_206' title='bbox 915 2149 949 2210; x_wconf 91' lang='lat' dir='ltr'><strong>in</strong></span> <span class='ocrx_word' id='word_1_207' title='bbox 963 2148 1061 2212; x_wconf 89' lang='lat' dir='ltr'><strong>cboro</strong></span> <span class='ocrx_word' id='word_1_208' title='bbox 1078 2147 1185 2211; x_wconf 89' lang='lat' dir='ltr'><strong>valeat</strong></span> <span class='ocrx_word' id='word_1_209' title='bbox 1200 2149 1261 2210; x_wconf 89' lang='lat' dir='ltr'><strong>im-</strong></span> 
     </span>
     <span class='ocr_line' id='line_1_24' title="bbox 112 2233 1261 2320; baseline 0.002 -24"><span class='ocrx_word' id='word_1_210' title='bbox 112 2233 240 2320; x_wconf 90' lang='lat' dir='ltr'><strong>pediri;</strong></span> <span class='ocrx_word' id='word_1_211' title='bbox 263 2234 322 2299; x_wconf 88' lang='lat' dir='ltr'><strong>sed</strong></span> <span class='ocrx_word' id='word_1_212' title='bbox 342 2237 495 2300; x_wconf 84' lang='lat' dir='ltr'><strong>continue</strong></span> <span class='ocrx_word' id='word_1_213' title='bbox 519 2243 558 2301; x_wconf 94' lang='lat' dir='ltr'><strong>ut</strong></span> <span class='ocrx_word' id='word_1_214' title='bbox 575 2235 679 2298; x_wconf 88' lang='lat' dir='ltr'><strong>officia</strong></span> <span class='ocrx_word' id='word_1_215' title='bbox 700 2236 874 2320; x_wconf 89' lang='lat' dir='ltr'><strong>postulant</strong></span> <span class='ocrx_word' id='word_1_216' title='bbox 894 2234 1035 2320; x_wconf 89' lang='lat' dir='ltr'><strong>psallere</strong></span> <span class='ocrx_word' id='word_1_217' title='bbox 1059 2240 1094 2298; x_wconf 89' lang='lat' dir='ltr'><strong>et</strong></span> <span class='ocrx_word' id='word_1_218' title='bbox 1117 2255 1183 2299; x_wconf 93' lang='lat' dir='ltr'><strong>uno</strong></span> <span class='ocrx_word' id='word_1_219' title='bbox 1207 2255 1261 2298; x_wconf 92' lang='lat' dir='ltr'><strong>ore</strong></span> 
     </span>
     <span class='ocr_line' id='line_1_25' title="bbox 113 2318 1262 2407; baseline 0.002 -24"><span class='ocrx_word' id='word_1_220' title='bbox 113 2342 232 2386; x_wconf 89' lang='lat' dir='ltr'><strong>canere</strong></span> <span class='ocrx_word' id='word_1_221' title='bbox 245 2344 357 2387; x_wconf 91' lang='lat' dir='ltr'><strong>omnes</strong></span> <span class='ocrx_word' id='word_1_222' title='bbox 373 2330 407 2387; x_wconf 89' lang='lat' dir='ltr'><strong>et</strong></span> <span class='ocrx_word' id='word_1_223' title='bbox 422 2320 545 2407; x_wconf 85' lang='lat' dir='ltr'><strong>singuli</strong></span> <span class='ocrx_word' id='word_1_224' title='bbox 559 2329 723 2407; x_wconf 86' lang='lat' dir='ltr'><strong>satagant.</strong></span> <span class='ocrx_word' id='word_1_225' title='bbox 756 2320 810 2399; x_wconf 89' lang='lat' dir='ltr'><strong>Et,</strong></span> <span class='ocrx_word' id='word_1_226' title='bbox 827 2319 907 2385; x_wconf 90' lang='lat' dir='ltr'><strong>dum</strong></span> <span class='ocrx_word' id='word_1_227' title='bbox 919 2318 1090 2384; x_wconf 89' lang='lat' dir='ltr'><strong>matutinae</strong></span> <span class='ocrx_word' id='word_1_228' title='bbox 1099 2328 1262 2385; x_wconf 90' lang='lat' dir='ltr'><strong>canuntur</strong></span> 
     </span>
     <span class='ocr_line' id='line_1_26' title="bbox 113 2407 1398 2494; baseline 0.005 -26"><span class='ocrx_word' id='word_1_229' title='bbox 113 2408 266 2493; x_wconf 86' lang='lat' dir='ltr'><strong>agiturve</strong></span> <span class='ocrx_word' id='word_1_230' title='bbox 277 2410 448 2494; x_wconf 90' lang='lat' dir='ltr'><strong>processio,</strong></span> <span class='ocrx_word' id='word_1_231' title='bbox 460 2430 555 2472; x_wconf 91' lang='lat' dir='ltr'><strong>nemo</strong></span> <span class='ocrx_word' id='word_1_232' title='bbox 570 2408 703 2471; x_wconf 88' lang='lat' dir='ltr'><strong>missam</strong></span> <span class='ocrx_word' id='word_1_233' title='bbox 714 2408 834 2471; x_wconf 86' lang='lat' dir='ltr'><strong>audeat</strong></span> <span class='ocrx_word' id='word_1_234' title='bbox 846 2407 1018 2470; x_wconf 88' lang='lat' dir='ltr'><strong>celebrare.</strong></span> <span class='ocrx_word' id='word_1_235' title='bbox 1056 2408 1091 2469; x_wconf 85' lang='lat' dir='ltr'><strong>Si</strong></span> <span class='ocrx_word' id='word_1_236' title='bbox 1102 2407 1173 2489; x_wconf 92' lang='lat' dir='ltr'><strong>quis</strong></span> <span class='ocrx_word' id='word_1_237' title='bbox 1185 2429 1260 2471; x_wconf 90' lang='lat' dir='ltr'><strong>vero</strong></span> <span class='ocrx_word' id='word_1_238' title='bbox 1273 2426 1398 2475; x_wconf 73' lang='lat' dir='ltr'><strong>rennues</strong></span> 
     </span>
     <span class='ocr_line' id='line_1_27' title="bbox 111 2485 1412 2592; baseline 0.002 -37"><span class='ocrx_word' id='word_1_239' title='bbox 111 2493 146 2555; x_wconf 92' lang='lat' dir='ltr'><strong>in</strong></span> <span class='ocrx_word' id='word_1_240' title='bbox 163 2492 213 2558; x_wconf 91' lang='lat' dir='ltr'><strong>his</strong></span> <span class='ocrx_word' id='word_1_241' title='bbox 229 2506 286 2557; x_wconf 88' lang='lat' dir='ltr'><strong>aut</strong></span> <span class='ocrx_word' id='word_1_242' title='bbox 302 2494 522 2580; x_wconf 88' lang='lat' dir='ltr'><strong>superioribus</strong></span> <span class='ocrx_word' id='word_1_243' title='bbox 536 2494 587 2556; x_wconf 90' lang='lat' dir='ltr'><strong>vel</strong></span> <span class='ocrx_word' id='word_1_244' title='bbox 602 2515 715 2557; x_wconf 89' lang='lat' dir='ltr'><strong>eorum</strong></span> <span class='ocrx_word' id='word_1_245' title='bbox 730 2493 849 2575; x_wconf 88' lang='lat' dir='ltr'><strong>alique,</strong></span> <span class='ocrx_word' id='word_1_246' title='bbox 866 2492 968 2558; x_wconf 89' lang='lat' dir='ltr'><strong>veluti</strong></span> <span class='ocrx_word' id='word_1_247' title='bbox 991 2494 1031 2556; x_wconf 93' lang='lat' dir='ltr'><strong>de</strong></span> <span class='ocrx_word' id='word_1_248' title='bbox 1046 2492 1203 2557; x_wconf 75' lang='lat' dir='ltr'><strong>,absentia</strong></span> <span class='ocrx_word' id='word_1_249' title='bbox 1218 2494 1260 2557; x_wconf 89' lang='lat' dir='ltr'><strong>ab</strong></span> <span class='ocrx_word' id='word_1_250' title='bbox 1271 2485 1412 2592; x_wconf 50' lang='lat' dir='ltr'><strong>{fflffh</strong></span> 
     </span>
     <span class='ocr_line' id='line_1_28' title="bbox 113 2577 1259 2663; baseline 0.001 -23"><span class='ocrx_word' id='word_1_251' title='bbox 113 2579 224 2643; x_wconf 87' lang='lat' dir='ltr'><strong>officiis</strong></span> <span class='ocrx_word' id='word_1_252' title='bbox 255 2580 374 2643; x_wconf 87' lang='lat' dir='ltr'><strong>divinis</strong></span> <span class='ocrx_word' id='word_1_253' title='bbox 400 2588 460 2644; x_wconf 87' lang='lat' dir='ltr'><strong>aut</strong></span> <span class='ocrx_word' id='word_1_254' title='bbox 483 2602 503 2643; x_wconf 86' lang='lat' dir='ltr'><strong>a</strong></span> <span class='ocrx_word' id='word_1_255' title='bbox 525 2580 633 2657; x_wconf 88' lang='lat' dir='ltr'><strong>missa,</strong></span> <span class='ocrx_word' id='word_1_256' title='bbox 653 2579 836 2650; x_wconf 87' lang='lat' dir='ltr'><strong>matutinis,</strong></span> <span class='ocrx_word' id='word_1_257' title='bbox 860 2578 1015 2663; x_wconf 88' lang='lat' dir='ltr'><strong>vesperis,</strong></span> <span class='ocrx_word' id='word_1_258' title='bbox 1031 2577 1259 2663; x_wconf 88' lang='lat' dir='ltr'><strong>completoriis,</strong></span> 
     </span>
    </p>

    <p class='ocr_par' dir='ltr' id='par_1_9' title="bbox 111 2663 1261 3008">
     <span class='ocr_line' id='line_1_29' title="bbox 112 2663 1260 2752; baseline 0.001 -25"><span class='ocrx_word' id='word_1_259' title='bbox 112 2664 201 2729; x_wconf 88' lang='lat' dir='ltr'><strong>horis</strong></span> <span class='ocrx_word' id='word_1_260' title='bbox 216 2667 389 2746; x_wconf 86' lang='lat' dir='ltr'><strong>canonicis,</strong></span> <span class='ocrx_word' id='word_1_261' title='bbox 399 2666 605 2752; x_wconf 89' lang='lat' dir='ltr'><strong>processione</strong></span> <span class='ocrx_word' id='word_1_262' title='bbox 617 2672 651 2728; x_wconf 91' lang='lat' dir='ltr'><strong>et</strong></span> <span class='ocrx_word' id='word_1_263' title='bbox 661 2686 755 2747; x_wconf 87' lang='lat' dir='ltr'><strong>aquae</strong></span> <span class='ocrx_word' id='word_1_264' title='bbox 771 2664 967 2749; x_wconf 86' lang='lat' dir='ltr'><strong>aspersione,</strong></span> <span class='ocrx_word' id='word_1_265' title='bbox 978 2672 1035 2727; x_wconf 87' lang='lat' dir='ltr'><strong>aut</strong></span> <span class='ocrx_word' id='word_1_266' title='bbox 1046 2663 1155 2749; x_wconf 88' lang='lat' dir='ltr'><strong>aliqua</strong></span> <span class='ocrx_word' id='word_1_267' title='bbox 1165 2672 1260 2749; x_wconf 90' lang='lat' dir='ltr'><strong>parte</strong></span> 
     </span>
     <span class='ocr_line' id='line_1_30' title="bbox 112 2748 1260 2835; baseline 0.001 -22"><span class='ocrx_word' id='word_1_268' title='bbox 112 2751 302 2831; x_wconf 90' lang='lat' dir='ltr'><strong>eorundem,</strong></span> <span class='ocrx_word' id='word_1_269' title='bbox 314 2774 422 2816; x_wconf 91' lang='lat' dir='ltr'><strong>coram</strong></span> <span class='ocrx_word' id='word_1_270' title='bbox 432 2750 629 2815; x_wconf 87' lang='lat' dir='ltr'><strong>Praesidente</strong></span> <span class='ocrx_word' id='word_1_271' title='bbox 645 2753 703 2813; x_wconf 86' lang='lat' dir='ltr'><strong>aut</strong></span> <span class='ocrx_word' id='word_1_272' title='bbox 712 2748 985 2835; x_wconf 85' lang='lat' dir='ltr'><strong>Vicepraesideute</strong></span> <span class='ocrx_word' id='word_1_273' title='bbox 999 2758 1113 2814; x_wconf 87' lang='lat' dir='ltr'><strong>etune</strong></span> <span class='ocrx_word' id='word_1_274' title='bbox 1124 2750 1260 2814; x_wconf 89' lang='lat' dir='ltr'><strong>Decano</strong></span> 
     </span>
     <span class='ocr_line' id='line_1_31' title="bbox 111 2835 1260 2922; baseline -0.001 -23"><span class='ocrx_word' id='word_1_275' title='bbox 111 2836 329 2922; x_wconf 88' lang='lat' dir='ltr'><strong>probabiliter</strong></span> <span class='ocrx_word' id='word_1_276' title='bbox 342 2839 507 2901; x_wconf 88' lang='lat' dir='ltr'><strong>convictus</strong></span> <span class='ocrx_word' id='word_1_277' title='bbox 522 2836 632 2907; x_wconf 88' lang='lat' dir='ltr'><strong>fuerit,</strong></span> <span class='ocrx_word' id='word_1_278' title='bbox 649 2835 714 2898; x_wconf 91' lang='lat' dir='ltr'><strong>nisi</strong></span> <span class='ocrx_word' id='word_1_279' title='bbox 731 2858 863 2899; x_wconf 89' lang='lat' dir='ltr'><strong>causam</strong></span> <span class='ocrx_word' id='word_1_280' title='bbox 884 2858 953 2899; x_wconf 85' lang='lat' dir='ltr'><strong>suae</strong></span> <span class='ocrx_word' id='word_1_281' title='bbox 979 2835 1135 2900; x_wconf 86' lang='lat' dir='ltr'><strong>absentiae</strong></span> <span class='ocrx_word' id='word_1_282' title='bbox 1160 2836 1260 2898; x_wconf 88' lang='lat' dir='ltr'><strong>ratio·</strong></span> 
     </span>
     <span class='ocr_line' id='line_1_32' title="bbox 113 2918 1261 3008; baseline -0.004 -18"><span class='ocrx_word' id='word_1_283' title='bbox 113 2922 256 2990; x_wconf 85' lang='lat' dir='ltr'><strong>nabilem</strong></span> <span class='ocrx_word' id='word_1_284' title='bbox 271 2925 318 2987; x_wconf 88' lang='lat' dir='ltr'><strong>eis</strong></span> <span class='ocrx_word' id='word_1_285' title='bbox 332 2924 524 3008; x_wconf 85' lang='lat' dir='ltr'><strong>allegaverit</strong></span> <span class='ocrx_word' id='word_1_286' title='bbox 538 2943 649 2984; x_wconf 92' lang='lat' dir='ltr'><strong>eorum</strong></span> <span class='ocrx_word' id='word_1_287' title='bbox 658 2919 784 3006; x_wconf 87' lang='lat' dir='ltr'><strong>judicio</strong></span> <span class='ocrx_word' id='word_1_288' title='bbox 808 2918 1063 3007; x_wconf 89' lang='lat' dir='ltr'><strong>approbandam,</strong></span> <span class='ocrx_word' id='word_1_289' title='bbox 1080 2942 1140 3006; x_wconf 89' lang='lat' dir='ltr'><strong>pro</strong></span> <span class='ocrx_word' id='word_1_290' title='bbox 1153 2922 1261 3006; x_wconf 91' lang='lat' dir='ltr'><strong>prima</strong></span> 
     </span>
    </p>

    <p class='ocr_par' dir='ltr' id='par_1_10' title="bbox 57 3005 1259 3093">
     <span class='ocr_line' id='line_1_33' title="bbox 57 3005 1259 3093; baseline -0.001 -23"><span class='ocrx_word' id='word_1_291' title='bbox 57 3012 61 3021; x_wconf 92' lang='lat'>&#39;</span> <span class='ocrx_word' id='word_1_292' title='bbox 112 3009 180 3072; x_wconf 88' lang='lat' dir='ltr'><strong>vice</strong></span> <span class='ocrx_word' id='word_1_293' title='bbox 199 3010 349 3093; x_wconf 83' lang='lat' dir='ltr'><strong>privetur</strong></span> <span class='ocrx_word' id='word_1_294' title='bbox 364 3008 513 3072; x_wconf 89' lang='lat' dir='ltr'><strong>convictu</strong></span> <span class='ocrx_word' id='word_1_295' title='bbox 538 3029 594 3091; x_wconf 87' lang='lat' dir='ltr'><strong>per</strong></span> <span class='ocrx_word' id='word_1_296' title='bbox 617 3028 720 3071; x_wconf 90' lang='lat' dir='ltr'><strong>unum</strong></span> <span class='ocrx_word' id='word_1_297' title='bbox 742 3006 841 3085; x_wconf 89' lang='lat' dir='ltr'><strong>diem,</strong></span> <span class='ocrx_word' id='word_1_298' title='bbox 859 3028 918 3093; x_wconf 91' lang='lat' dir='ltr'><strong>pro</strong></span> <span class='ocrx_word' id='word_1_299' title='bbox 933 3005 1077 3069; x_wconf 84' lang='lat' dir='ltr'><strong>secunda</strong></span> <span class='ocrx_word' id='word_1_300' title='bbox 1090 3027 1150 3089; x_wconf 90' lang='lat' dir='ltr'><strong>per</strong></span> <span class='ocrx_word' id='word_1_301' title='bbox 1164 3005 1259 3085; x_wconf 89' lang='lat' dir='ltr'><strong>duos,</strong></span> 
     </span>
    </p>

    <p class='ocr_par' dir='ltr' id='par_1_11' title="bbox 112 3091 1260 3181">
     <span class='ocr_line' id='line_1_34' title="bbox 112 3091 1260 3181; baseline -0.002 -24"><span class='ocrx_word' id='word_1_302' title='bbox 112 3115 173 3180; x_wconf 90' lang='lat' dir='ltr'><strong>pro</strong></span> <span class='ocrx_word' id='word_1_303' title='bbox 188 3096 284 3159; x_wconf 89' lang='lat' dir='ltr'><strong>tertia</strong></span> <span class='ocrx_word' id='word_1_304' title='bbox 306 3117 364 3181; x_wconf 87' lang='lat' dir='ltr'><strong>per</strong></span> <span class='ocrx_word' id='word_1_305' title='bbox 378 3092 629 3173; x_wconf 89' lang='lat' dir='ltr'><strong>hebdomadam,</strong></span> <span class='ocrx_word' id='word_1_306' title='bbox 652 3115 712 3178; x_wconf 92' lang='lat' dir='ltr'><strong>pro</strong></span> <span class='ocrx_word' id='word_1_307' title='bbox 725 3100 843 3176; x_wconf 83' lang='lat' dir='ltr'><strong>quarta</strong></span> <span class='ocrx_word' id='word_1_308' title='bbox 859 3114 916 3175; x_wconf 89' lang='lat' dir='ltr'><strong>per</strong></span> <span class='ocrx_word' id='word_1_309' title='bbox 930 3091 1136 3173; x_wconf 88' lang='lat' dir='ltr'><strong>quindenam,</strong></span> <span class='ocrx_word' id='word_1_310' title='bbox 1151 3098 1185 3155; x_wconf 92' lang='lat' dir='ltr'><strong>et</strong></span> <span class='ocrx_word' id='word_1_311' title='bbox 1199 3112 1260 3175; x_wconf 91' lang='lat' dir='ltr'><strong>pro</strong></span> 
     </span>
    </p>

    <p class='ocr_par' dir='ltr' id='par_1_12' title="bbox 111 3175 1260 3267">
     <span class='ocr_line' id='line_1_35' title="bbox 111 3175 1260 3267; baseline -0.003 -24"><span class='ocrx_word' id='word_1_312' title='bbox 111 3182 227 3263; x_wconf 89' lang='lat' dir='ltr'><strong>quinta</strong></span> <span class='ocrx_word' id='word_1_313' title='bbox 251 3203 311 3267; x_wconf 90' lang='lat' dir='ltr'><strong>per</strong></span> <span class='ocrx_word' id='word_1_314' title='bbox 336 3203 490 3245; x_wconf 89' lang='lat' dir='ltr'><strong>mensem.</strong></span> <span class='ocrx_word' id='word_1_315' title='bbox 536 3178 598 3256; x_wconf 88' lang='lat' dir='ltr'><strong>Ac,</strong></span> <span class='ocrx_word' id='word_1_316' title='bbox 621 3180 649 3242; x_wconf 92' lang='lat' dir='ltr'><strong>si</strong></span> <span class='ocrx_word' id='word_1_317' title='bbox 672 3190 789 3263; x_wconf 86' lang='lat' dir='ltr'><strong>postea</strong></span> <span class='ocrx_word' id='word_1_318' title='bbox 817 3179 849 3239; x_wconf 90' lang='lat' dir='ltr'><strong>in</strong></span> <span class='ocrx_word' id='word_1_319' title='bbox 876 3176 1050 3263; x_wconf 79' lang='lat' dir='ltr'><strong>praemissis</strong></span> <span class='ocrx_word' id='word_1_320' title='bbox 1071 3175 1124 3239; x_wconf 91' lang='lat' dir='ltr'><strong>vel</strong></span> <span class='ocrx_word' id='word_1_321' title='bbox 1147 3198 1260 3239; x_wconf 91' lang='lat' dir='ltr'><strong>eorum</strong></span> 
     </span>
    </p>

    <p class='ocr_par' dir='ltr' id='par_1_13' title="bbox 113 3260 1258 3349">
     <span class='ocr_line' id='line_1_36' title="bbox 113 3260 1258 3349; baseline -0.004 -20"><span class='ocrx_word' id='word_1_322' title='bbox 113 3267 222 3349; x_wconf 83' lang='lat' dir='ltr'><strong>aliquo</strong></span> <span class='ocrx_word' id='word_1_323' title='bbox 240 3266 414 3331; x_wconf 86' lang='lat' dir='ltr'><strong>manifeste</strong></span> <span class='ocrx_word' id='word_1_324' title='bbox 438 3268 591 3330; x_wconf 85' lang='lat' dir='ltr'><strong>inventus</strong></span> <span class='ocrx_word' id='word_1_325' title='bbox 610 3263 709 3328; x_wconf 85' lang='lat' dir='ltr'><strong>fuerit</strong></span> <span class='ocrx_word' id='word_1_326' title='bbox 732 3263 804 3347; x_wconf 86' lang='lat' dir='ltr'><strong>quis</strong></span> <span class='ocrx_word' id='word_1_327' title='bbox 827 3262 1011 3347; x_wconf 86' lang='lat' dir='ltr'><strong>culpabilis,</strong></span> <span class='ocrx_word' id='word_1_328' title='bbox 1027 3284 1124 3345; x_wconf 86' lang='lat' dir='ltr'><strong>poena</strong></span> <span class='ocrx_word' id='word_1_329' title='bbox 1146 3260 1258 3346; x_wconf 87' lang='lat' dir='ltr'><strong>hujus·</strong></span> 
     </span>
    </p>

    <p class='ocr_par' dir='ltr' id='par_1_14' title="bbox 111 3346 1379 3778">
     <span class='ocr_line' id='line_1_37' title="bbox 112 3346 1259 3439; baseline -0.003 -26"><span class='ocrx_word' id='word_1_330' title='bbox 112 3354 201 3417; x_wconf 90' lang='lat' dir='ltr'><strong>modi</strong></span> <span class='ocrx_word' id='word_1_331' title='bbox 225 3360 436 3439; x_wconf 87' lang='lat' dir='ltr'><strong>aggravetur,</strong></span> <span class='ocrx_word' id='word_1_332' title='bbox 455 3358 490 3415; x_wconf 89' lang='lat' dir='ltr'><strong>et</strong></span> <span class='ocrx_word' id='word_1_333' title='bbox 513 3349 695 3414; x_wconf 88' lang='lat' dir='ltr'><strong>secundum</strong></span> <span class='ocrx_word' id='word_1_334' title='bbox 717 3349 945 3413; x_wconf 89' lang='lat' dir='ltr'><strong>discretionem</strong></span> <span class='ocrx_word' id='word_1_335' title='bbox 967 3346 1180 3411; x_wconf 85' lang='lat' dir='ltr'><strong>Praesidentis</strong></span> <span class='ocrx_word' id='word_1_336' title='bbox 1205 3347 1259 3410; x_wconf 91' lang='lat' dir='ltr'><strong>vel</strong></span> 
     </span>
     <span class='ocr_line' id='line_1_38' title="bbox 113 3432 1373 3523; baseline -0.003 -22"><span class='ocrx_word' id='word_1_337' title='bbox 113 3438 404 3523; x_wconf 82' lang='lat' dir='ltr'><strong>Vicepraesidentis</strong></span> <span class='ocrx_word' id='word_1_338' title='bbox 424 3445 458 3500; x_wconf 89' lang='lat' dir='ltr'><strong>et</strong></span> <span class='ocrx_word' id='word_1_339' title='bbox 480 3437 577 3501; x_wconf 89' lang='lat' dir='ltr'><strong>unius</strong></span> <span class='ocrx_word' id='word_1_340' title='bbox 592 3435 717 3499; x_wconf 86' lang='lat' dir='ltr'><strong>Decani</strong></span> <span class='ocrx_word' id='word_1_341' title='bbox 732 3434 899 3519; x_wconf 87' lang='lat' dir='ltr'><strong>puniatur.</strong></span> <span class='ocrx_word' id='word_1_342' title='bbox 944 3434 993 3496; x_wconf 90' lang='lat' dir='ltr'><strong>Ac</strong></span> <span class='ocrx_word' id='word_1_343' title='bbox 1008 3434 1043 3496; x_wconf 93' lang='lat' dir='ltr'><strong>in</strong></span> <span class='ocrx_word' id='word_1_344' title='bbox 1058 3432 1152 3497; x_wconf 85' lang='lat' dir='ltr'><strong>festis</strong></span> <span class='ocrx_word' id='word_1_345' title='bbox 1167 3432 1258 3519; x_wconf 91' lang='lat' dir='ltr'><strong>prin·</strong></span> <span class='ocrx_word' id='word_1_346' title='bbox 1271 3433 1373 3510; x_wconf 62' lang='lat' dir='ltr'><strong>Aisrga</strong></span> 
     </span>
     <span class='ocr_line' id='line_1_39' title="bbox 111 3511 1379 3615; baseline -0.003 -29"><span class='ocrx_word' id='word_1_347' title='bbox 111 3524 273 3609; x_wconf 89' lang='lat' dir='ltr'><strong>cipalibus</strong></span> <span class='ocrx_word' id='word_1_348' title='bbox 289 3535 323 3589; x_wconf 88' lang='lat' dir='ltr'><strong>et</strong></span> <span class='ocrx_word' id='word_1_349' title='bbox 337 3523 513 3609; x_wconf 87' lang='lat' dir='ltr'><strong>majoribus</strong></span> <span class='ocrx_word' id='word_1_350' title='bbox 528 3520 712 3607; x_wconf 88' lang='lat' dir='ltr'><strong>duplicibus</strong></span> <span class='ocrx_word' id='word_1_351' title='bbox 728 3521 861 3584; x_wconf 89' lang='lat' dir='ltr'><strong>missam</strong></span> <span class='ocrx_word' id='word_1_352' title='bbox 872 3518 1013 3583; x_wconf 87' lang='lat' dir='ltr'><strong>celebret</strong></span> <span class='ocrx_word' id='word_1_353' title='bbox 1027 3527 1062 3583; x_wconf 90' lang='lat' dir='ltr'><strong>et</strong></span> <span class='ocrx_word' id='word_1_354' title='bbox 1076 3527 1259 3605; x_wconf 86' lang='lat' dir='ltr'><strong>exequatur</strong></span> <span class='ocrx_word' id='word_1_355' title='bbox 1270 3516 1339 3615; x_wconf 48' lang='lat' dir='ltr'><strong>(¹31³,ss</strong></span> <span class='ocrx_word' id='word_1_356' title='bbox 1348 3511 1379 3557; x_wconf 85' lang='lat' dir='ltr'><strong>of</strong></span> 
     </span>
     <span class='ocr_line' id='line_1_40' title="bbox 114 3582 1340 3693; baseline -0.005 -20"><span class='ocrx_word' id='word_1_357' title='bbox 114 3609 301 3674; x_wconf 89' lang='lat' dir='ltr'><strong>Praesidens</strong></span> <span class='ocrx_word' id='word_1_358' title='bbox 312 3610 374 3687; x_wconf 88' lang='lat' dir='ltr'><strong>vel,</strong></span> <span class='ocrx_word' id='word_1_359' title='bbox 384 3632 422 3673; x_wconf 92' lang='lat' dir='ltr'><strong>eo</strong></span> <span class='ocrx_word' id='word_1_360' title='bbox 435 3610 571 3673; x_wconf 88' lang='lat' dir='ltr'><strong>absente</strong></span> <span class='ocrx_word' id='word_1_361' title='bbox 584 3622 640 3671; x_wconf 86' lang='lat' dir='ltr'><strong>aut</strong></span> <span class='ocrx_word' id='word_1_362' title='bbox 655 3606 801 3693; x_wconf 86' lang='lat' dir='ltr'><strong>legitime</strong></span> <span class='ocrx_word' id='word_1_363' title='bbox 811 3604 1258 3691; x_wconf 83' lang='lat' dir='ltr'><strong>impedito,Vicepraesidens‚</strong></span> <span class='ocrx_word' id='word_1_364' title='bbox 1315 3582 1340 3628; x_wconf 81' lang='lat' dir='ltr'><strong>y,</strong></span> 
     </span>
     <span class='ocr_line' id='line_1_41' title="bbox 112 3690 1259 3778; baseline -0.004 -20"><span class='ocrx_word' id='word_1_365' title='bbox 112 3696 166 3758; x_wconf 90' lang='lat' dir='ltr'><strong>vel</strong></span> <span class='ocrx_word' id='word_1_366' title='bbox 182 3696 266 3759; x_wconf 87' lang='lat' dir='ltr'><strong>alius</strong></span> <span class='ocrx_word' id='word_1_367' title='bbox 283 3694 324 3758; x_wconf 92' lang='lat' dir='ltr'><strong>de</strong></span> <span class='ocrx_word' id='word_1_368' title='bbox 339 3696 524 3759; x_wconf 88' lang='lat' dir='ltr'><strong>senioribus</strong></span> <span class='ocrx_word' id='word_1_369' title='bbox 539 3703 596 3757; x_wconf 89' lang='lat' dir='ltr'><strong>aut</strong></span> <span class='ocrx_word' id='word_1_370' title='bbox 613 3692 820 3778; x_wconf 86' lang='lat' dir='ltr'><strong>dignioribus</strong></span> <span class='ocrx_word' id='word_1_371' title='bbox 832 3692 933 3755; x_wconf 86' lang='lat' dir='ltr'><strong>Sociis</strong></span> <span class='ocrx_word' id='word_1_372' title='bbox 948 3714 1007 3777; x_wconf 91' lang='lat' dir='ltr'><strong>per</strong></span> <span class='ocrx_word' id='word_1_373' title='bbox 1018 3690 1192 3755; x_wconf 88' lang='lat' dir='ltr'><strong>Dccaoum</strong></span> <span class='ocrx_word' id='word_1_374' title='bbox 1208 3691 1259 3754; x_wconf 84' lang='lat' dir='ltr'><strong>vel</strong></span> 
     </span>
    </p>

    <p class='ocr_par' dir='ltr' id='par_1_15' title="bbox 112 3776 1260 3867">
     <span class='ocr_line' id='line_1_42' title="bbox 112 3776 1260 3867; baseline -0.007 -21"><span class='ocrx_word' id='word_1_375' title='bbox 112 3788 183 3867; x_wconf 90' lang='lat' dir='ltr'><strong>ejus</strong></span> <span class='ocrx_word' id='word_1_376' title='bbox 205 3782 398 3867; x_wconf 86' lang='lat' dir='ltr'><strong>deputatum</strong></span> <span class='ocrx_word' id='word_1_377' title='bbox 426 3780 625 3865; x_wconf 86' lang='lat' dir='ltr'><strong>designatus.</strong></span> <span class='ocrx_word' id='word_1_378' title='bbox 681 3776 822 3853; x_wconf 82' lang='lat' dir='ltr'><strong>Quando</strong></span> <span class='ocrx_word' id='word_1_379' title='bbox 848 3778 881 3840; x_wconf 94' lang='lat' dir='ltr'><strong>in</strong></span> <span class='ocrx_word' id='word_1_380' title='bbox 908 3779 998 3840; x_wconf 85' lang='lat' dir='ltr'><strong>festis</strong></span> <span class='ocrx_word' id='word_1_381' title='bbox 1024 3777 1260 3861; x_wconf 88' lang='lat' dir='ltr'><strong>principalibus</strong></span> 
     </span>
    </p>

    <p class='ocr_par' dir='ltr' id='par_1_16' title="bbox 111 3862 1260 4125">
     <span class='ocr_line' id='line_1_43' title="bbox 112 3862 1260 3953; baseline -0.007 -21"><span class='ocrx_word' id='word_1_382' title='bbox 112 3877 171 3932; x_wconf 90' lang='lat' dir='ltr'><strong>aut</strong></span> <span class='ocrx_word' id='word_1_383' title='bbox 186 3869 366 3953; x_wconf 84' lang='lat' dir='ltr'><strong>majoribus</strong></span> <span class='ocrx_word' id='word_1_384' title='bbox 382 3866 568 3952; x_wconf 88' lang='lat' dir='ltr'><strong>duplicibus</strong></span> <span class='ocrx_word' id='word_1_385' title='bbox 584 3863 768 3927; x_wconf 84' lang='lat' dir='ltr'><strong>Praesidens</strong></span> <span class='ocrx_word' id='word_1_386' title='bbox 784 3871 840 3926; x_wconf 85' lang='lat' dir='ltr'><strong>aut</strong></span> <span class='ocrx_word' id='word_1_387' title='bbox 851 3862 1114 3950; x_wconf 85' lang='lat' dir='ltr'><strong>Vicepraesidens</strong></span> <span class='ocrx_word' id='word_1_388' title='bbox 1129 3863 1260 3924; x_wconf 90' lang='lat' dir='ltr'><strong>missam</strong></span> 
     </span>
     <span class='ocr_line' id='line_1_44' title="bbox 111 3948 1259 4037; baseline -0.008 -20"><span class='ocrx_word' id='word_1_389' title='bbox 111 3954 335 4026; x_wconf 86' lang='lat' dir='ltr'><strong>celebraverit,</strong></span> <span class='ocrx_word' id='word_1_390' title='bbox 354 3952 574 4037; x_wconf 87' lang='lat' dir='ltr'><strong>Evangelium</strong></span> <span class='ocrx_word' id='word_1_391' title='bbox 595 3951 683 4037; x_wconf 87' lang='lat' dir='ltr'><strong>legat</strong></span> <span class='ocrx_word' id='word_1_392' title='bbox 698 3949 814 4031; x_wconf 90' lang='lat' dir='ltr'><strong>aliquis</strong></span> <span class='ocrx_word' id='word_1_393' title='bbox 835 3948 1002 4013; x_wconf 87' lang='lat' dir='ltr'><strong>Sociorum</strong></span> <span class='ocrx_word' id='word_1_394' title='bbox 1016 3949 1259 4032; x_wconf 88' lang='lat' dir='ltr'><strong>graduatorum,</strong></span> 
     </span>
     <span class='ocr_line' id='line_1_45' title="bbox 111 4032 1260 4125; baseline -0.01 -21"><span class='ocrx_word' id='word_1_395' title='bbox 111 4039 302 4104; x_wconf 86' lang='lat' dir='ltr'><strong>intitulatus</strong></span> <span class='ocrx_word' id='word_1_396' title='bbox 317 4048 351 4101; x_wconf 90' lang='lat' dir='ltr'><strong>et</strong></span> <span class='ocrx_word' id='word_1_397' title='bbox 364 4038 551 4125; x_wconf 87' lang='lat' dir='ltr'><strong>assignatus</strong></span> <span class='ocrx_word' id='word_1_398' title='bbox 592 4058 626 4099; x_wconf 91' lang='lat' dir='ltr'><strong>er</strong></span> <span class='ocrx_word' id='word_1_399' title='bbox 640 4058 743 4098; x_wconf 90' lang='lat' dir='ltr'><strong>unum</strong></span> <span class='ocrx_word' id='word_1_400' title='bbox 754 4036 960 4099; x_wconf 89' lang='lat' dir='ltr'><strong>Decanorum</strong></span> <span class='ocrx_word' id='word_1_401' title='bbox 974 4034 1037 4111; x_wconf 91' lang='lat' dir='ltr'><strong>vel,</strong></span> <span class='ocrx_word' id='word_1_402' title='bbox 1053 4034 1099 4096; x_wconf 90' lang='lat' dir='ltr'><strong>eis</strong></span> <span class='ocrx_word' id='word_1_403' title='bbox 1114 4032 1260 4095; x_wconf 90' lang='lat' dir='ltr'><strong>absenti-</strong></span> 
     </span>
    </p>

    <p class='ocr_par' dir='ltr' id='par_1_17' title="bbox 111 4059 1260 4211">
     <span class='ocr_line' id='line_1_46' title="bbox 111 4059 1260 4211; baseline -0.011 -20"><span class='ocrx_word' id='word_1_404' title='bbox 111 4128 188 4207; x_wconf 90' lang='lat' dir='ltr'><strong>bus,</strong></span> <span class='ocrx_word' id='word_1_405' title='bbox 204 4148 265 4211; x_wconf 90' lang='lat' dir='ltr'><strong>per</strong></span> <span class='ocrx_word' id='word_1_406' title='bbox 280 4126 416 4210; x_wconf 86' lang='lat' dir='ltr'><strong>alicujus</strong></span> <span class='ocrx_word' id='word_1_407' title='bbox 432 4145 545 4187; x_wconf 89' lang='lat' dir='ltr'><strong>eorum</strong></span> <span class='ocrx_word' id='word_1_408' title='bbox 561 4059 757 4207; x_wconf 73' lang='lat' dir='ltr'><strong>‹leputatum</strong></span> <span class='ocrx_word' id='word_1_409' title='bbox 779 4129 813 4183; x_wconf 91' lang='lat' dir='ltr'><strong>et</strong></span> <span class='ocrx_word' id='word_1_410' title='bbox 835 4119 1060 4183; x_wconf 88' lang='lat' dir='ltr'><strong>substitutum.</strong></span> <span class='ocrx_word' id='word_1_411' title='bbox 1106 4116 1162 4179; x_wconf 89' lang='lat' dir='ltr'><strong>Ad</strong></span> <span class='ocrx_word' id='word_1_412' title='bbox 1180 4138 1260 4199; x_wconf 91' lang='lat' dir='ltr'><strong>quo-</strong></span> 
     </span>
    </p>

    <p class='ocr_par' dir='ltr' id='par_1_18' title="bbox 111 4203 1260 4384">
     <span class='ocr_line' id='line_1_47' title="bbox 111 4203 1260 4293; baseline -0.011 -15"><span class='ocrx_word' id='word_1_413' title='bbox 111 4236 188 4278; x_wconf 89' lang='lat' dir='ltr'><strong>rum</strong></span> <span class='ocrx_word' id='word_1_414' title='bbox 207 4211 416 4276; x_wconf 87' lang='lat' dir='ltr'><strong>Decanorum</strong></span> <span class='ocrx_word' id='word_1_415' title='bbox 439 4208 579 4272; x_wconf 89' lang='lat' dir='ltr'><strong>officium</strong></span> <span class='ocrx_word' id='word_1_416' title='bbox 607 4207 774 4293; x_wconf 90' lang='lat' dir='ltr'><strong>pertinere</strong></span> <span class='ocrx_word' id='word_1_417' title='bbox 801 4206 963 4281; x_wconf 89' lang='lat' dir='ltr'><strong>volumus,</strong></span> <span class='ocrx_word' id='word_1_418' title='bbox 987 4224 1045 4288; x_wconf 92' lang='lat' dir='ltr'><strong>per</strong></span> <span class='ocrx_word' id='word_1_419' title='bbox 1074 4224 1150 4265; x_wconf 88' lang='lat' dir='ltr'><strong>suas</strong></span> <span class='ocrx_word' id='word_1_420' title='bbox 1174 4203 1260 4265; x_wconf 89' lang='lat' dir='ltr'><strong>vices</strong></span> 
     </span>
     <span class='ocr_line' id='line_1_48' title="bbox 111 4287 1260 4384; baseline -0.011 -20"><span class='ocrx_word' id='word_1_421' title='bbox 111 4299 245 4364; x_wconf 85' lang='lat' dir='ltr'><strong>alternis</strong></span> <span class='ocrx_word' id='word_1_422' title='bbox 259 4296 460 4384; x_wconf 86' lang='lat' dir='ltr'><strong>septimanis,</strong></span> <span class='ocrx_word' id='word_1_423' title='bbox 470 4316 529 4380; x_wconf 92' lang='lat' dir='ltr'><strong>per</strong></span> <span class='ocrx_word' id='word_1_424' title='bbox 541 4315 575 4357; x_wconf 89' lang='lat' dir='ltr'><strong>se</strong></span> <span class='ocrx_word' id='word_1_425' title='bbox 587 4292 648 4371; x_wconf 90' lang='lat' dir='ltr'><strong>vel,</strong></span> <span class='ocrx_word' id='word_1_426' title='bbox 661 4293 740 4378; x_wconf 89' lang='lat' dir='ltr'><strong>ipsis</strong></span> <span class='ocrx_word' id='word_1_427' title='bbox 749 4290 952 4366; x_wconf 88' lang='lat' dir='ltr'><strong>absentibus,</strong></span> <span class='ocrx_word' id='word_1_428' title='bbox 961 4311 1021 4375; x_wconf 90' lang='lat' dir='ltr'><strong>per</strong></span> <span class='ocrx_word' id='word_1_429' title='bbox 1033 4309 1109 4352; x_wconf 91' lang='lat' dir='ltr'><strong>suos</strong></span> <span class='ocrx_word' id='word_1_430' title='bbox 1122 4287 1260 4371; x_wconf 91' lang='lat' dir='ltr'><strong>deputa-</strong></span> 
     </span>
    </p>

    <p class='ocr_par' dir='ltr' id='par_1_19' title="bbox 110 4373 1259 4467">
     <span class='ocr_line' id='line_1_49' title="bbox 110 4373 1259 4467; baseline -0.014 -15"><span class='ocrx_word' id='word_1_431' title='bbox 110 4396 174 4467; x_wconf 90' lang='lat' dir='ltr'><strong>tos,</strong></span> <span class='ocrx_word' id='word_1_432' title='bbox 188 4384 376 4462; x_wconf 89' lang='lat' dir='ltr'><strong>inscribere,</strong></span> <span class='ocrx_word' id='word_1_433' title='bbox 392 4382 560 4464; x_wconf 88' lang='lat' dir='ltr'><strong>assignare</strong></span> <span class='ocrx_word' id='word_1_434' title='bbox 576 4387 609 4445; x_wconf 91' lang='lat' dir='ltr'><strong>et</strong></span> <span class='ocrx_word' id='word_1_435' title='bbox 619 4378 791 4465; x_wconf 87' lang='lat' dir='ltr'><strong>deputare,</strong></span> <span class='ocrx_word' id='word_1_436' title='bbox 802 4384 998 4453; x_wconf 86' lang='lat' dir='ltr'><strong>executores,</strong></span> <span class='ocrx_word' id='word_1_437' title='bbox 1008 4379 1150 4439; x_wconf 87' lang='lat' dir='ltr'><strong>rectores</strong></span> <span class='ocrx_word' id='word_1_438' title='bbox 1160 4373 1259 4448; x_wconf 89' lang='lat' dir='ltr'><strong>chori,</strong></span> 
     </span>
    </p>
   </div>
   <div class='ocr_carea' id='block_1_3' title="bbox 0 0 1504 4700">
    <p class='ocr_par' dir='ltr' id='par_1_20' title="bbox 0 0 1504 4700">
     <span class='ocr_line' id='line_1_50' title="bbox 0 0 1504 4700; baseline 0 1"><span class='ocrx_word' id='word_1_439' title='bbox 0 0 1504 4700; x_wconf 95' lang='lat' dir='ltr'><strong> </strong></span> 
     </span>
    </p>
   </div>
  </div>
 </body>
</html>
