3000 4700
268 661 430 734 ROYAL
453 662 645 736 PATENT
665 669 724 736 OF
749 663 1074 737 FOUNDATION.

312 1064 447 1143 Patent
466 1069 512 1151 17
530 1069 634 1144 Has.
651 1071 763 1145 VIII.
783 1098 817 1170 p.
835 1075 871 1161 2,
888 1096 936 1145 m.
954 1067 1026 1167 (l).

95 1223 330 1292 Raxomnibns
345 1227 489 1312 adquos,
505 1230 562 1294 &a
579 1228 729 1294 salutem.
775 1225 861 1294 Cum
875 1245 990 1294 noenu
1031 1245 1049 1294 r
1131 1222 1245 1296 literar

94 1325 222 1380 nostras
232 1324 394 1401 patentes,
406 1337 543 1398 quarum
553 1314 636 1380 data
651 1326 700 1380 est
715 1315 807 1402 apud
815 1245 1036 1403 Charyng,dii
1079 1317 1180 1382 ecimo
1191 1317 1245 1383 die

94 1399 223 1478 Martii,
238 1423 327 1465 anno
344 1401 439 1487 regni
459 1402 561 1466 nostri
575 1413 702 1485 quarto,
719 1401 762 1466 de
787 1403 895 1489 gratia
921 1413 1034 1468 nostra
1053 1404 1186 1488 speciali
1208 1425 1245 1469 ac

93 1509 134 1552 ex
150 1498 239 1552 certa
262 1487 397 1552 scientia
411 1496 446 1551 et
461 1509 552 1552 mero
575 1499 668 1553 motu
685 1489 812 1567 nostris,
837 1489 1083 1556 concesserimus
1097 1499 1132 1556 et
1147 1490 1244 1554 licen·

92 1574 174 1638 tiam
185 1573 382 1648 dederimus,
392 1594 453 1658 pro
461 1573 556 1638 nobis
565 1583 598 1638 et
609 1573 795 1638 haeredibus
805 1574 934 1647 nostris,
943 1585 1103 1660 quantum
1112 1576 1245 1640 innobic

93 1659 166 1732 fuit,
182 1659 363 1724 venerabili
380 1660 414 1723 in
430 1658 562 1724 Christo
620 1660 664 1724 tri
678 1659 821 1725 Ricardo
830 1661 1053 1727 Wintoniensi
1071 1662 1244 1749 Episcopo,

94 1756 172 1810 tunc
188 1745 330 1812 Custodi
350 1745 477 1811 Privati
498 1746 568 1832 Sigi
597 1747 603 1760 ‘
624 1747 738 1826 nostri,
756 1746 844 1830 quod
863 1748 933 1836 ipae
948 1771 987 1813 ac
1000 1747 1076 1812 aliae
1099 1771 1245 1835 persona

94 1854 305 1916 quacunque,
329 1831 398 1896 sive
423 1854 623 1916 quacunque
647 1831 714 1896 alia
738 1855 886 1919 persona,
915 1844 1029 1908 terras,
1045 1844 1244 1916 tenemento,

94 1917 255 1998 redditus,
283 1918 488 1998 reversiones,
512 1918 654 1997 servitia,
679 1919 856 2004 pensiones,
873 1921 1048 2006 portiones,
1075 1931 1244 2005 apportas,

94 2005 293 2080 annuitates,
308 2013 343 2068 et
358 2004 587 2070 advocationes
603 2004 819 2082 ecclesiarum,
833 2027 871 2069 aa
881 2005 991 2068 omnia
1006 2014 1042 2069 et
1057 2006 1245 2070 omnimoda

94 2091 159 2156 alia
182 2090 455 2158 haereditamenta
470 2101 504 2154 et
527 2091 743 2176 possessiones
761 2090 936 2155 saculares
958 2112 1175 2175 quascunque,
1199 2093 1245 2157 ad

41 2181 43 2186 ’
94 2178 239 2242 valorem
260 2188 392 2244 centum
406 2177 567 2240 librarum
591 2199 651 2264 per
679 2199 802 2241 annum
825 2177 915 2240 ultra
936 2177 1085 2262 reprisas‚
1107 2188 1175 2241 tam
1201 2178 1243 2244 de

93 2263 258 2329 feodosuo
267 2263 402 2350 proprio
417 2286 514 2346 quam
534 2263 650 2343 alieno,
659 2263 735 2327 licet
749 2263 791 2327 de
801 2263 893 2328 nobis
908 2261 942 2326 in
955 2283 993 2327 ca
1016 2262 1063 2326 ite
1078 2263 1133 2326 vel
1146 2263 1245 2329 aliter

92 2361 152 2416 aut
167 2349 278 2435 aliquo
287 2349 354 2415 alio
365 2349 463 2415 modo
479 2352 686 2428 tenebantur,
696 2349 826 2415 dilectis
840 2349 932 2415 nobis
945 2350 980 2413 in
992 2286 1126 2415 dhrim
1135 2350 1245 2416 Priori

93 2449 128 2505 et
150 2436 327 2502 conventui
349 2436 490 2501 eeclesia
504 2436 700 2502 cathedralis
720 2436 830 2501 Sancti
843 2436 991 2501 Swithini
1007 2436 1244 2503 wintoniensis

92 2524 172 2589 dare
188 2538 222 2588 et
235 2522 420 2602 concedere,
430 2546 554 2587 necnon
568 2524 741 2621 prioratus,
752 2522 941 2609 hospitalia,
956 2523 1079 2587 liberas
1091 2524 1242 2610 capellas,

92 2610 244 2677 ecclesias
267 2608 478 2697 parochiales,
494 2619 528 2674 et
543 2608 607 2673 aha
622 2608 778 2673 beneficia
798 2608 1012 2673 ecclesiastica
1033 2632 1242 2694 quascunque,

93 2721 131 2762 ac
153 2696 255 2761 etiam
270 2695 448 2783 pensiones,
464 2696 639 2783 portiones,
655 2706 813 2781 apportas
827 2705 861 2759 et
875 2696 1063 2760 annuitates
1079 2696 1243 2761 ecclesias·

93 2785 177 2849 ticas
203 2782 450 2869 etspirituales
470 2803 687 2866 quascunque,
704 2781 748 2845 ad
763 2781 906 2846 valorem
928 2792 1057 2846 centum
1083 2782 1243 2847 librarum

134 2892 152 2933 r
172 2891 295 2933 annum
317 2868 407 2933 ultra
421 2886 518 2933 onera
539 2876 574 2931 et
591 2867 741 2955 reprisas,
761 2867 883 2932 eisdem
899 2867 1006 2932 Priori
1020 2878 1054 2933 et
1069 2870 1244 2934 conventui

92 2894 187 3035 dire,
211 2953 394 3034 concedere,
419 2952 639 3040 appropriare,
663 2954 872 3027 consolidare,
897 2963 1067 3017 annectere
1086 2963 1121 3017 et
1139 2954 1242 3033 unire,

189 3040 279 3106 tvel
316 3052 460 3127 possent,
490 3039 651 3115 habenda,
682 3039 823 3105 tenenda
845 3049 880 3103 et
910 3038 1086 3139 gaudenda
1120 3038 1243 3103 eisdem

93 3066 202 3195 ffi
230 3137 266 3192 et
291 3126 472 3200 conventui,
495 3136 529 3191 et
555 3126 790 3190 successoribus
818 3125 885 3189 suis
913 3134 1178 3210 imperpetuum:
1210 3136 1245 3189 et

92 3215 218 3279 eisdem
228 3213 335 3277 Priori
346 3223 379 3277 et
388 3211 564 3277 conventui
573 3212 660 3296 quod
674 3211 738 3297 ipsi
750 3221 865 3289 terras,
877 3220 1071 3284 tenementa,
1080 3208 1243 3291 redditus,

92 3301 304 3375 reversiones,
323 3299 468 3377 servitia,
477 3298 655 3384 pensiones,
670 3296 844 3384 portiones,
859 3305 1028 3382 apportas,
1043 3294 1243 3376 annuitates,

93 3386 334 3464 advocationes,
358 3386 535 3471 prioratus,
564 3383 749 3469 hospitalia,
773 3383 894 3447 liberas
918 3381 1070 3468 capellas,
1097 3381 1245 3447 ecclesias

94 3472 310 3561 parochiales,
330 3482 364 3537 et
387 3471 454 3535 alia
471 3470 626 3537 beneficia
649 3468 864 3535 ecclesiastica
886 3488 1103 3555 quaecunque,
1119 3490 1243 3534 necnon

94 3560 204 3624 omnia
217 3570 252 3624 et
263 3558 450 3624 omnimoda
464 3555 735 3621 haereditamenta
749 3566 785 3620 et
804 3555 1021 3642 possessiones
1035 3576 1244 3640 quascunque
1304 3579 1307 3583 ·

93 3646 139 3711 ad
156 3668 281 3711 annuos
297 3644 426 3709 valores
446 3642 621 3730 praedictos
637 3664 657 3706 a
682 3642 824 3728 praefato
841 3642 1006 3729 Episcopo
1026 3651 1085 3706 aut
1110 3642 1244 3725 quibus-

93 3755 222 3816 cunque
243 3730 318 3795 aliis
340 3731 488 3816 personis
502 3751 560 3793 seu
580 3750 771 3811 quacunque
786 3728 854 3792 alia
871 3750 1020 3815 persona,
1036 3750 1076 3791 ea
1092 3727 1139 3792 eis
1153 3726 1245 3809 dare,

95 3819 149 3883 vel
162 3816 338 3884 concedere
354 3826 412 3880 aut
436 3815 660 3901 appropriare,
682 3814 892 3893 consolidare,
907 3823 1078 3879 annectere
1092 3824 1127 3878 et
1140 3814 1245 3893 unire,

93 3905 223 3971 volente
237 3912 297 3967 aut
311 3902 505 3974 volentibus
521 3902 665 3999 recipere
680 3910 811 3985 possent
824 3911 860 3965 et
874 3910 984 3965 tenere
998 3899 1062 3964 sibi
1076 3910 1111 3964 et
1124 3922 1245 3963 succes·

93 3992 222 4057 sonibus
261 3988 327 4053 suis
357 3988 533 4075 praedictis,
568 3998 652 4051 sicut
679 3985 872 4073 praedictum
900 3996 961 4065 est,
991 3985 1245 4133 imperpetuum,

95 4077 248 4142 similiter
268 4075 433 4140 licentiam
454 4072 639 4139 dederimus
664 4072 856 4159 specialem;
882 4081 1009 4137 statuto
1056 4092 1076 4133 e
1099 4070 1197 4133 terris
1212 4083 1246 4136 et

95 4162 292 4229 tenementis
306 4161 350 4225 ad
364 4183 498 4225 manum
512 4170 676 4224 mortuam
698 4179 762 4223 non
778 4157 935 4243 ponendis
947 4156 1046 4229 edito,
1062 4164 1122 4219 aut
1136 4154 1247 4239 aliquo

95 4251 160 4315 alio
183 4258 322 4328 statuto,
352 4258 439 4323 actu,
470 4244 684 4316 ordinatione,
715 4244 900 4330 provisione
928 4242 996 4305 sive
1032 4240 1245 4321 restrictione,

97 4336 177 4401 inde
208 4334 440 4399 incontrarium
477 4334 572 4405 facto,
602 4330 701 4405 edito,
731 4328 884 4393 ordinato
913 4328 981 4391 sive
1019 4327 1158 4411 proviso,
1187 4338 1247 4392 aut

96 4424 210 4509 aliqua
235 4420 300 4485 alia
326 4444 372 4500 re,
396 4442 492 4485 cama
513 4417 564 4481 vel
594 4415 732 4585 msptlepip
762 4435 960 4498 quacunque,
989 4413 1245 4559 npn2obstantec
