3000 4700
318 222 454 288 &aluta
467 226 507 308 of
516 224 637 309 Corpus
653 222 773 288 altstat
790 223 914 308 Cotteqe,
935 225 1064 310 Ossord.
1223 225 1264 291 73

112 385 285 534 presentis
301 389 419 452 statuti
434 411 455 453 a
468 401 579 451 nostro
593 386 743 473 Collegio
756 397 901 452 amotum
911 387 1177 468 forestatuimus,
1194 389 1265 474 ipso

129 485 211 550 acto,
228 493 265 535 ac
279 487 392 557 postea
406 495 465 559 pro
479 496 546 538 non
561 473 706 537 scholare
721 487 780 537 aut
801 495 865 537 uon
884 474 977 538 Socio
990 475 1122 560 penitus
1137 472 1263 540 haberi.

116 557 220 633 Quod
234 557 263 622 si
274 559 436 647 quispiam
456 561 621 624 Sociorum
641 573 699 623 aut
713 559 907 623 scholarium
921 560 1151 646 praedictorum
1165 561 1313 626 bene-‘or
1323 571 1415 618 chumh

116 644 227 707 ficium
257 646 521 725 ecclesiasticum,
543 668 617 710 cum
646 669 724 709 cura
753 646 807 709 vel
837 646 907 709 sine
935 669 1020 725 cura,
1035 647 1076 709 de
1101 652 1179 731 jure
1210 648 1265 711 vel
1277 631 1428 736 prefppgent

117 730 352 795 consuetudine
385 755 459 795 cum
485 733 558 796 alio·
582 733 737 795 beneficio
769 732 890 814 absque
914 731 1152 818 dispensatione
1182 756 1265 796 com-
1278 704 1401 794 vitieod

117 816 260 900 patibili,
286 823 379 902 cujus
401 819 535 896 fructus,
558 817 709 882 redditus
735 832 769 882 et
794 832 984 903 proventus,
1010 832 1080 883 octo
1104 819 1264 883 librarum
1278 808 1372 912 ⁰³⁸th

116 923 262 965 annuum
283 904 436 981 valorem,
458 903 605 969 deductis
620 905 901 988 procurationibus
925 917 959 967 et
974 902 1264 990 synodalibuaex·
1278 881 1344 926 poun
1374 898 1382 912 ’

117 987 248 1065 cedant,
267 989 408 1075 adeptus
426 990 538 1069 fuerit,
554 1012 629 1054 eum
651 1012 711 1076 per
736 1012 856 1054 annum
872 1011 973 1053 uuum
996 1003 1029 1053 et
1051 1012 1113 1053 non
1128 990 1217 1053 ultra
1232 991 1266 1054 in

115 1088 225 1137 nostro
253 1074 404 1162 Collegio
434 1077 563 1141 Sosium
591 1075 644 1140 vel
670 1075 847 1140 scholarem
874 1090 1003 1140 manere
1025 1076 1246 1174 permittimus
1258 1101 1267 1153 ;

116 1160 263 1224 volentes
284 1184 321 1225 ao
341 1163 441 1226 etiam
455 1162 664 1226 decernentes
686 1176 733 1239 ut,
749 1178 823 1248 post
844 1163 971 1247 lapsum
988 1161 1078 1225 illrus
1101 1163 1188 1240 anni,
1204 1163 1268 1224 nisi

116 1245 204 1309 iutra
233 1269 356 1311 annum
381 1248 521 1313 eundem
544 1249 654 1347 ipsum
679 1247 871 1312 beneficium
900 1247 1117 1313 effectualiter
1140 1261 1175 1311 et
1197 1248 1268 1311 sine

117 1331 234 1396 fraude
249 1333 416 1413 dimiserit,
433 1336 484 1398 vel
504 1335 578 1413 nisr,
595 1335 793 1398 cessantibus
809 1333 895 1406 dolo,
912 1333 1039 1413 fraude,
1061 1356 1097 1397 ac
1117 1355 1268 1420 perverso

118 1418 258 1502 ingenio,
274 1420 451 1506 litigiosum
473 1421 526 1499 sit,
541 1421 612 1506 ipso
626 1419 712 1483 facto
726 1441 787 1505 pro
801 1442 865 1484 non
883 1421 974 1484 Socio
997 1434 1029 1484 et
1050 1442 1115 1483 non
1126 1419 1268 1484 scholare

117 1503 288 1569 habeatur.
321 1507 555 1571 Praesidentem
566 1529 642 1570 vero
652 1505 730 1568 dicti
743 1505 886 1591 Collegii
897 1520 1030 1591 propter
1044 1506 1154 1588 aliqua
1169 1507 1267 1569 bene·
1280 1518 1416 1576 Exceptton

117 1591 191 1655 ficia
211 1591 433 1671 ecclesiastica,
453 1592 601 1657 redditus
615 1592 668 1655 vel
682 1607 857 1676 proventus
873 1592 1101 1656 ecclesiasticos
1115 1591 1170 1655 vel
1185 1600 1266 1656 tem·
1279 1577 1401 1682 aggresi·

117 1677 256 1761 porales,
282 1683 502 1763 cujuscunque
522 1679 642 1743 valoris
665 1678 818 1756 existant,
841 1700 901 1764 per
921 1678 1028 1762 ipsum
1057 1678 1192 1742 obtenta
1216 1676 1268 1741 vel
1340 1668 1347 1682 ⁸

117 1763 306 1842 obtinenda,
322 1766 366 1828 ab
386 1765 489 1828 officio
506 1764 715 1829 Praesidentis
731 1764 875 1828 amoveri
888 1764 1039 1828 nolumus
1054 1763 1108 1827 vel
1122 1763 1267 1848 privari3

117 1848 198 1912 dum
217 1863 323 1914 tamen
343 1852 378 1913 in
397 1850 483 1915 dicto
501 1850 650 1936 Collegio
666 1856 763 1935 juxta
777 1850 912 1912 formam
937 1849 972 1911 in
994 1854 1063 1934 ejus
1084 1856 1269 1934 juramento

117 1935 315 2020 descriptam
331 1938 539 2022 corporaliter
561 1936 711 2014 resideat,
735 1950 769 1998 et
788 1935 926 1999 officium
941 1957 1037 1998 suum
1049 1940 1148 2019 juxta
1161 1945 1267 1999 statu·

119 2035 228 2084 torum
244 2037 425 2086 nostrorum
447 2023 646 2109 exigentiam
662 2035 755 2108 gerat
772 2043 809 2084 ac
825 2020 935 2084 debite
957 2033 1145 2101 exequatur.
1189 2019 1267 2082 Pro·

118 2107 199 2185 viso,
223 2108 310 2191 quod
333 2109 491 2173 Doctores
513 2108 685 2194 theologiae
711 2107 744 2168 in
771 2120 880 2170 nostro
905 2104 1053 2192 Collegio
1075 2105 1268 2168 beneficium

117 2194 367 2258 ecclesiasticum
397 2195 619 2278 quodcunque,
644 2215 719 2257 curn
744 2215 824 2256 cura
853 2191 907 2256 vel
933 2191 1003 2254 sine
1032 2212 1117 2268 cura,
1147 2188 1424 2259 haberenootorstn

164 2294 272 2344 terunt
290 2303 357 2344 una
378 2303 452 2346 curn
468 2279 623 2368 Collegio,
639 2279 814 2343 dummodo
828 2283 899 2364 ejus
914 2298 1011 2341 verus
1026 2277 1119 2340 valor
1141 2296 1268 2340 annuus
1280 2271 1411 2332 Theology.

117 2302 233 2431 dicem
247 2368 358 2446 libras,
373 2367 522 2432 deductis
543 2366 823 2452 procurationibus
842 2378 874 2429 et
888 2364 1109 2452 synodalibus,
1132 2363 1203 2449 ipso
1225 2364 1269 2428 ab

118 2452 307 2538 hujusmodi
318 2454 472 2518 beneficio
482 2476 541 2517 suo
551 2454 695 2531 absente,
707 2474 772 2515 non
784 2450 930 2515 excedat.
958 2449 1103 2536 Singulis
1113 2460 1271 2536 praeterea

119 2539 314 2603 Lectoribus
343 2541 485 2626 publicis
512 2538 674 2626 praedictis
699 2538 915 2620 quodcunque
944 2558 1048 2599 unum
1076 2534 1269 2599 beneficium
1281 2550 1370 2597 Public

119 2648 193 2689 oum
209 2624 359 2713 Collegio
370 2641 402 2691 et
413 2626 516 2689 officio
525 2624 765 2710 permittimus3
780 2622 955 2687 dummodo
966 2636 998 2686 et
1007 2620 1165 2705 quamdiu
1174 2643 1270 2684 suum
1281 2611 1420 2657 Lecturam.

120 2712 261 2775 officium
285 2713 318 2775 in
342 2712 501 2789 omnibus,
523 2717 619 2797 juxta
642 2723 785 2775 nostram
808 2709 1045 2773 ordinationem
1071 2706 1269 2792 praedictam,

119 2797 262 2861 fideliter
285 2812 318 2862 et
341 2798 518 2885 diligenter
541 2796 659 2860 faciant
687 2809 960 2877 etexequantur.
1005 2793 1170 2879 Discipuli
1192 2814 1404 2864 verosmaena,
1446 2846 1450 2854 .

120 2884 177 2965 qui
191 2884 427 2963 hereditatem,
442 2883 685 2970 patrimonium,
700 2882 901 2961 beneficium,
912 2880 1052 2959 feodum,
1062 2879 1270 2965 praebendam
1356 2941 1373 2965 ·

121 2984 179 3033 aut
193 2970 287 3035 aliud
300 2984 339 3035 ut
352 2971 535 3057 praefertur,
551 2984 609 3032 aut
623 2968 812 3054 pensionem
835 2967 878 3031 ad
894 2966 1068 3030 terminum
1083 2965 1157 3028 vitae
1172 2964 1270 3027 dura-

121 3070 238 3135 turam,
254 3080 393 3140 quorum
411 3078 508 3122 verus
525 3054 617 3119 valor
641 3054 931 3135 annuusquinque
945 3073 1069 3115 marcas
1086 3050 1269 3128 excesserit,

121 3144 261 3207 assecuti
274 3144 409 3219 fuerint,
432 3157 490 3205 aut
504 3142 540 3205 in
562 3140 695 3224 aliquod
710 3138 802 3202 aliud
818 3138 1002 3237 Collegium
1019 3149 1170 3217 tanquam
1185 3134 1272 3197 Socii

120 3228 175 3293 vel
196 3230 355 3294 scholares
376 3228 510 3293 admissi
525 3227 654 3305 fuerint,
677 3226 748 3312 ipso
764 3224 869 3309 primo
892 3224 947 3287 dre
963 3244 1027 3303 quo
1047 3221 1213 3306 pacificam
1235 3220 1270 3283 in

121 3316 233 3398 aliquo
247 3315 433 3401 hujusmodi
446 3314 679 3401 possessionem
694 3311 749 3375 vel
764 3310 828 3459 ipsi
843 3309 895 3373 vel
917 3309 974 3373 alii
996 3306 1039 3371 ad
1061 3327 1172 3370 eorum
1186 3328 1270 3369 oom-

120 3401 255 3466 modum
277 3416 311 3465 et
331 3424 426 3466 usum
446 3400 632 3477 habuerint,
655 3418 767 3461 eorum
793 3418 850 3460 oca
864 3396 899 3458 in
912 3407 1021 3458 nostro
1036 3392 1185 3477 Collegio
1200 3392 1272 3477 ipso

120 3488 205 3552 facto
224 3501 349 3565 vacent,
375 3488 482 3552 etalii
496 3488 531 3552 in
556 3484 732 3550 eorundem
751 3482 823 3545 loca
834 3487 932 3568 juxta
951 3480 1087 3545 formam
1110 3486 1272 3543 statutam

119 3575 332 3639 sufficiantur.

358 3708 437 3798 Cap.
452 3710 505 3774 31.
529 3712 582 3775 De
594 3709 874 3775 concinnentium
889 3706 1040 3771 ordinum.

165 3836 278 3901 Multa
292 3835 333 3899 de
344 3836 544 3900 nutrimento
558 3835 672 3897 animae
686 3831 866 3917 praelocuti,
876 3836 946 3915 jam
962 3828 1094 3893 tandem
1104 3826 1146 3891 ad
1161 3849 1272 3913 corpo-

121 3924 223 3989 ralem
249 3922 459 4008 pervenimus
484 3922 602 4000 cibum,
618 3920 689 3983 sine
712 3940 856 4003 quonon
882 3916 1018 3980 vivitur.
1065 3914 1110 3975 Et
1132 3914 1212 3998 quia
1236 3913 1272 3975 iu

122 4033 256 4075 annona
277 4008 412 4072 raritate
435 4018 468 4071 et
482 4007 610 4071 vilitate
633 4026 695 4068 non
718 4014 769 4068 est
792 4024 922 4087 semper
943 4000 1030 4064 idem
1053 3998 1209 4084 pretium,
1224 3998 1272 4060 ita

123 4098 175 4161 dis
216 4118 331 4159 nemus
360 4105 506 4180 tempora
536 4104 575 4157 ut
604 4091 745 4156 velimus
774 4110 901 4173 semper
936 4085 1056 4150 nostris
1086 4104 1155 4147 esse
1184 4082 1272 4169 quod
1283 4106 1426 4153 Allowcnoe

123 4121 272 4249 sullidiat.
318 4180 502 4244 Statuimus
529 4179 642 4264 itaque
662 4185 713 4253 ut,
729 4176 762 4238 in
779 4171 1010 4238 distribuendo
1023 4169 1182 4246 convictu,
1206 4169 1273 4233 sint
1284 4164 1387 4213 offood.

123 4282 189 4336 tres
201 4268 341 4332 ordines.
382 4267 421 4330 In
432 4267 541 4352 primo
553 4263 668 4327 ordine
680 4263 748 4325 sint
763 4258 945 4326 Praesidens
958 4276 1134 4340 omnesque
1146 4254 1231 4318 Socii
1239 4264 1273 4320 et

123 4357 285 4420 scholares
299 4354 387 4418 intra
400 4352 570 4416 biennium
585 4348 794 4437 probationis,
808 4346 876 4409 duo
890 4342 1034 4407 ministri
1046 4340 1156 4405 sacelli
1169 4362 1273 4405 sacer-

123 4444 224 4521 dotes,
249 4442 403 4505 Lectores
427 4447 584 4525 praterea
611 4432 740 4521 publici
766 4444 800 4498 et
823 4430 958 4495 clericus
986 4426 1140 4512 computi,
1163 4427 1192 4492 si
1214 4426 1275 4491 ha·
