3000 4700
248 144 293 210 96
451 145 587 214 Statutes
598 147 639 228 of
650 144 767 228 corpas
785 143 903 210 Carisi
921 144 1047 230 Collega,
1069 143 1197 230 Oasord.

251 311 296 378 Et
308 307 399 400 quod
411 309 446 372 in
461 307 637 394 praemissis
656 307 854 373 unanimiter
868 330 927 394 per
942 307 1177 372 Presidentem
1193 313 1227 374 et
1242 308 1403 394 majorem

147 438 150 444 ,
275 408 378 464 artem
393 394 570 460 eorundem
583 394 799 459 deliberatum
815 402 850 458 et
864 416 1059 459 consensum
1076 395 1182 468 luerit,
1197 394 1325 458 roboris
1342 395 1404 459 ha-

249 418 329 550 beat
355 482 554 549 firmitatem.
597 480 712 545 Liceat
734 489 845 544 mmen
869 480 1064 544 Praesidenti
1087 503 1161 545 cum
1187 480 1229 545 ab
1257 479 1405 546 Univer-

86 578 201 626 messor
252 573 350 636 sitate
373 568 525 638 abluerit,
548 567 576 629 si
595 567 702 653 aliqua
723 564 764 630 lis
783 566 946 632 movenda
966 577 1043 631 tunc
1058 568 1090 630 ei
1114 567 1223 631 subito
1246 577 1406 646 occurrat,

86 639 225 699 ‘mmm‘
251 666 309 722 aut
334 655 453 722 locatio
468 655 569 719 firmae
583 653 626 716 ad
648 674 770 738 paucos
792 675 897 717 annos
921 652 1079 732 facienda,
1098 675 1170 736 qnae
1185 655 1257 716 sine
1281 653 1408 718 damno

251 752 309 808 aut
334 741 525 830 praejudicio
541 738 684 824 Collegii
705 761 808 824 nsque
836 738 879 802 ad
899 741 971 826 ejus
994 741 1132 804 reditum
1156 738 1199 803 ad
1215 738 1406 825 Collegium

250 829 374 894 differri
397 849 462 894 non
477 826 596 913 potuit,
611 847 683 889 eam
708 833 786 889 tune
809 825 843 888 in
863 847 902 890 eo
926 847 1003 888 casu
1024 824 1176 912 aggredi,
1191 833 1223 890 et
1237 834 1406 908 quatenus

248 938 302 980 res
317 917 445 982 interea
458 914 570 998 exigat
586 912 738 999 prosequi
753 933 790 976 ac
801 912 956 976 conficere
970 933 979 986 ;
996 910 1176 976 dummodo
1190 934 1230 975 ex
1246 934 1285 976 eo
1302 933 1406 997 grave

249 1001 405 1066 damnum
430 999 579 1084 Collegio
602 1021 669 1061 non
701 998 744 1060 sit
773 997 990 1083 probabiliter
1018 1007 1235 1076 eventurum3
1265 998 1406 1062 consilio

248 1090 413 1154 Sociorum
429 1096 466 1152 ut
480 1085 651 1173 praefertur
664 1083 798 1148 minime
813 1085 979 1167 requisito.

577 1232 660 1319 Cap.
674 1233 728 1304 47.
754 1235 806 1299 De
814 1237 917 1320 portia
930 1245 959 1300 et
973 1235 1067 1300 ostiis.

292 1347 323 1412 A
339 1345 423 1412 turri
436 1344 661 1410 descendimus
676 1344 720 1409 ad
735 1346 882 1428 januam,
899 1345 951 1409 cui
968 1345 1082 1431 proesit
1101 1342 1232 1410 Janitor
1248 1344 1404 1430 vigilans,

249 1458 270 1498 a
284 1433 371 1498 Jano
381 1432 507 1519 bicipiti
519 1431 636 1509 dictus,
652 1432 701 1494 uti
714 1429 937 1516 ingredientes
948 1440 982 1495 et
995 1430 1201 1517 egredientes
1212 1431 1402 1516 perspiciat,

86 1528 237 1589 ctosingths
249 1543 291 1585 ne
315 1521 418 1584 intret
440 1517 582 1603 suspicio
606 1524 704 1580 exeat
725 1517 859 1582 furtum.
913 1518 1108 1595 Statuimus,
1121 1517 1235 1603 igitur,
1252 1529 1290 1581 ut
1305 1525 1405 1602 porta

86 1593 162 1647 Μ’·
249 1627 353 1694 prope
368 1626 498 1670 murum
510 1603 638 1666 Sanctae
657 1601 863 1667 Frideswidae
878 1625 1021 1690 vergens
1035 1604 1070 1667 in
1085 1603 1228 1674 hortum,
1244 1613 1278 1668 et
1295 1603 1404 1667 altera

244 1695 348 1779 janua
376 1713 490 1756 versus
518 1689 670 1768 culinam,
695 1689 848 1754 continue
877 1696 1031 1754 maneant
1058 1689 1176 1754 clausae
1206 1700 1242 1755 et
1270 1699 1402 1769 scratae,

249 1779 312 1842 nisi
341 1799 383 1842 ex
407 1797 506 1841 causa
528 1784 668 1840 secturae
696 1775 871 1862 lignorum,
901 1776 1087 1855 carbonum,
1118 1775 1274 1862 lapidum,
1306 1784 1403 1863 tegu-

208 1891 212 1898 ·
249 1865 368 1944 larum,
392 1872 452 1928 aut
474 1861 611 1926 aliorum
633 1863 889 1926 necessariorum
912 1864 953 1926 ad
976 1861 1163 1948 Collegium
1188 1871 1246 1926 aut
1270 1861 1403 1926 inbabi-

250 1959 369 2016 tentes.
429 1950 543 2014 Janua
571 1969 648 2012 vero
677 1969 798 2034 magna
826 1957 860 2012 et
893 1949 1082 2034 principalis
1120 1948 1183 2012 sub
1220 1951 1303 2012 turri
1334 1970 1401 2014 non

250 2038 417 2124 aperiatur
431 2037 465 2099 in
482 2042 563 2106 toto,
579 2035 644 2098 nisi
656 2056 757 2098 causa
771 2043 920 2107 vecturae,
935 2042 992 2098 aut
1013 2033 1169 2099 mandato
1188 2034 1402 2099 Praesidentis

250 2124 305 2188 vel
315 2121 614 2208 Vicepraesidentis‚
626 2128 694 2198 aut,
704 2127 842 2202 utroque
855 2121 998 2201 absente,
1009 2122 1080 2207 ejus
1092 2121 1252 2207 deputati.
1269 2121 1401 2184 Ostium
1481 2171 1482 2177 κ

251 2231 329 2274 vero
352 2210 421 2272 sive
451 2207 584 2293 portula
605 2205 641 2269 in
670 2228 719 2283 ea,
736 2229 756 2268 a
786 2207 889 2292 primo
914 2207 968 2271 die
992 2207 1197 2293 Septembris
1224 2230 1329 2292 usque
1357 2208 1401 2270 ad

249 2297 397 2384 primum·
415 2292 503 2357 diem
523 2291 658 2378 Aprilis,
674 2291 799 2356 circiter
822 2291 936 2358 horam
959 2301 1106 2359 octavam
1129 2303 1205 2381 post
1229 2292 1399 2358 meridiem

249 2380 431 2452 claudatur,
441 2387 475 2443 et
488 2400 585 2442 mane
598 2379 724 2442 circiter
733 2378 846 2443 horam
863 2388 999 2457 sextam,
1012 2390 1087 2467 post
1102 2382 1234 2444 missam
1246 2378 1401 2445 videlicet

249 2465 490 2543 matutinalem,
500 2466 682 2551 aperiatur;
702 2466 763 2539 nisi
779 2488 820 2529 ex
835 2488 933 2530 carisa
946 2466 1132 2530 rationabili
1142 2487 1202 2552 per
1216 2466 1400 2529 Praesiden-

249 2561 316 2618 tem
330 2553 382 2617 vel
397 2573 437 2616 eo
451 2552 589 2615 absente
607 2551 929 2635 Vicepraesidentem,
947 2560 1014 2632 aut,
1031 2554 1178 2635 utrisque
1198 2554 1400 2633 absentibua,

249 2660 441 2726 percorum
462 2638 570 2701 locum
594 2645 773 2717 tenentem,
791 2638 1014 2723 approbanda.
1060 2640 1092 2703 A
1117 2641 1224 2725 primo
1245 2661 1323 2703 vero
1346 2639 1400 2703 die

249 2726 375 2811 Aprilis
389 2746 494 2808 usque
509 2722 552 2786 ad
565 2724 763 2808 principium
780 2726 984 2810 Septembris
1006 2725 1132 2789 circiter
1148 2724 1261 2789 boram
1278 2747 1400 2791 nonam
1481 2768 1482 2781 η

249 2818 326 2897 post
339 2808 511 2875 meridiem
534 2810 715 2884 claudatur,
730 2810 811 2873 hora
825 2811 941 2892 quinta
964 2833 1061 2875 mane
1075 2810 1126 2875 vel
1142 2812 1269 2875 circiter
1288 2813 1399 2897 aperi·

250 2906 334 2963 atur.
381 2895 663 2978 Claudanturque,
674 2905 840 2981 praeterea,
851 2919 962 2960 omnes
973 2906 1075 2983 portae
1091 2920 1128 2961 ac
1143 2900 1228 2961 ostia
1242 2898 1402 2997 praedicta
1481 2952 1482 2971 ,

251 2984 392 3069 singulis
402 2982 519 3047 diebus
529 2991 676 3067 tempore
686 2981 817 3067 prandii
828 2993 858 3045 et
870 3004 977 3060 coenae,
985 3006 1021 3048 ac
1033 2985 1134 3047 etiam
1146 2984 1400 3063 bibesrorum,in

251 3071 370 3154 quibus
385 3070 420 3133 in
435 3070 511 3133 aula
528 3067 754 3155 Antiphonem
769 3069 880 3131 Beatae
899 3069 1012 3133 Mariae
1032 3070 1180 3156 Virginis
1200 3073 1327 3134 cantari
1343 3071 1399 3135 de-

252 3158 422 3235 crevimus,
434 3164 467 3221 et
482 3156 543 3219 boc
556 3178 577 3219 a
591 3154 753 3241 principio
769 3177 870 3238 usqne
882 3154 923 3218 ed
936 3154 1041 3219 finem.
1083 3158 1152 3219 Nec
1168 3156 1262 3220 liccat
1274 3159 1400 3222 dictum

253 3244 375 3309 ostium
399 3241 501 3307 semel
524 3242 669 3305 clausum
688 3251 765 3306 ante
790 3255 918 3327 tempus
939 3248 1100 3306 statutum
1125 3244 1260 3328 aperire,
1278 3244 1344 3307 nisi
1359 3266 1400 3307 ex

253 3352 354 3394 cansa
375 3329 568 3406 necessaria,
583 3349 644 3413 per
663 3326 897 3391 Praesidentem
920 3328 972 3391 vel
994 3351 1034 3393 eo
1056 3328 1192 3393 absente
1210 3330 1399 3415 Vicepraesi-
1479 3370 1482 3391 2

253 3414 396 3493 dentem,
420 3422 479 3478 aut
496 3414 654 3477 ambobus
672 3414 864 3477 absentibus
886 3414 1171 3500 Vicepraesidentis
1193 3416 1398 3502 deputatum,

252 3508 288 3563 et
311 3522 415 3563 unum
441 3502 621 3575 Decanum,
638 3499 728 3583 prius
757 3499 947 3584 approbata,
972 3501 1024 3565 vel
1048 3502 1083 3564 in
1112 3503 1253 3565 crastino
1281 3503 1398 3566 merito

252 3586 474 3669 approbanda
528 3584 646 3647 Claves
671 3591 781 3648 autem
808 3584 967 3649 dictarum
997 3596 1163 3673 portarum
1194 3598 1228 3651 et
1257 3588 1335 3652 ostii
1365 3589 1397 3651 in

252 3669 401 3735 custodia
413 3669 622 3734 Praesidentm
637 3676 670 3731 et
689 3692 727 3733 eo
743 3670 878 3734 absente
891 3672 1187 3758 Vicepraesidentis,
1203 3682 1236 3737 et
1257 3682 1397 3756 utroque

252 3756 390 3821 absente
421 3755 706 3841 Vioepraesidentis
735 3755 897 3842 deputati,
928 3759 1061 3823 interea·
1075 3759 1190 3823 saltem
1218 3770 1318 3824 noctu
1348 3783 1397 3825 rc·

250 3865 383 3907 manere
397 3843 560 3907 volumus.

285 3974 365 4061 Cap.
380 3974 432 4040 48.
456 3976 508 4039 De
523 3976 608 4039 modo
617 3976 799 4060 procedendi
816 3986 921 4039 contra
936 3977 1155 4041 Praesidentem
1171 3980 1363 4041 criminosum
1480 3976 1482 3980 ’

660 4063 707 4124 vel
719 4063 801 4125 olias
815 4064 986 4126 inhabilem.

296 4189 360 4252 His
375 4186 490 4253 ordine
503 4189 677 4275 dispositis,
691 4187 733 4251 ad
754 4196 861 4251 errata
875 4211 947 4271 quae
962 4187 1108 4251 accidere
1128 4200 1267 4274 possunt
1278 4212 1394 4275 perve-
1473 4262 1482 4279 ι

249 4276 367 4352 nimus,
384 4276 567 4339 adhibituri
575 4298 647 4358 qum
657 4275 833 4371 preterimus
849 4274 1013 4337 remedia:
1036 4273 1228 4371 incipientes
1245 4276 1393 4339 aPraesi·

250 4361 358 4435 dente,
373 4370 410 4422 ut
425 4361 507 4423 duce
530 4370 564 4422 ct
588 4360 746 4444 principe,
767 4381 832 4441 quo
855 4362 938 4423 bono
962 4368 996 4422 et
1019 4359 1155 4443 provido
1179 4369 1217 4423 ut
1242 4360 1326 4423 nibil
1347 4372 1399 4426 est
