3000 4700
260 244 305 308 34
462 239 595 306 eene,
609 244 648 324 os
661 239 778 325 capus
796 217 1056 321 caraecarae,
1077 237 1205 321 offas.

261 406 359 470 etiam
376 425 442 472 non
455 403 645 468 vacantibus
660 401 737 475 nati,
753 412 788 468 et
803 399 982 466 secundnm
995 421 1108 466 omnes
1118 397 1295 486 praedictas
1305 396 1412 483 quali-

261 499 346 556 tates
364 491 492 568 idonei;
511 486 687 554 dummodo
701 488 761 552 hoc
775 488 960 553 inconcusse
974 489 1172 557 observetur,
1187 493 1227 550 ut
1240 507 1412 571 nunquam

263 577 360 642 simul
382 578 416 642 in
439 584 550 641 nostro
574 573 737 660 Collegio.
751 573 818 638 duo
844 573 999 660 discipuli
1022 572 1135 656 quiin
1155 593 1224 635 uno
1246 577 1282 635 et
1294 571 1411 635 eodem

263 664 421 728 comitatu
443 671 502 726 aut
523 660 654 726 ‹lioeeesi
676 660 749 724 nati
766 659 889 724 fuerint
911 659 1127 744 reperiantur,
1151 658 1209 740 qui
1232 657 1336 720 alium
1357 656 1412 720 vel

263 749 346 812 alios
369 749 560 812 comitatum
581 745 636 810 vel
664 745 835 810 comitatus
859 745 1024 810 dioecesim
1051 743 1111 807 vel·
1128 742 1286 807 dioeceses
1309 765 1411 826 quam

263 833 350 920 unde
363 835 433 898 nati
453 833 578 898 fuerint
595 831 745 896 obtinent
767 841 801 896 et
819 840 988 918 occupant.
1032 827 1132 906 Quod
1145 838 1184 899 ut
1198 829 1410 908 commodius,

263 920 383 984 certius
395 927 428 984 et
443 919 613 1006 integrius,
625 918 659 982 in
671 940 766 982 omne
780 940 888 985 aevum
899 919 1097 992 observetur,
1110 916 1240 980 tertiam
1250 915 1412 1002 provisio·

265 1027 339 1069 nem
360 1029 471 1092 supra,
493 1006 527 1069 in
547 1005 691 1090 capitulo
717 1004 759 1068 de
783 1004 943 1087 qualitate
967 1001 1196 1089 eligendorum
1216 1002 1260 1064 ad
1284 1001 1412 1064 biennii

265 1093 502 1178 probationem,
519 1092 553 1154 in
568 1090 720 1154 omnibus
734 1090 970 1154 inviolabiliter
984 1089 1134 1152 volumus
1151 1088 1186 1151 in
1209 1096 1412 1173 perpetuum

104 1191 209 1264 Bribery
219 1191 246 1236 in
265 1178 440 1244 observari.
471 1176 676 1264 Adjicientes
686 1184 846 1262 praeterea
857 1177 948 1254 ut,iu
960 1175 1083 1240 virtute
1094 1175 1285 1262 juramenti,
1299 1172 1413 1236 nullus

103 1250 228 1297 ²¹⁶⁰‘¹⁰¹'³·
265 1264 467 1350 eligentium,
484 1261 640 1341 mercede,
655 1263 762 1349 pretio
777 1261 829 1324 vel
846 1260 941 1340 dono,
952 1261 1041 1340 dato,
1051 1261 1169 1339 soluto,
1185 1259 1346 1343 promisso
1358 1257 1415 1321 vel

265 1349 482 1435 probabiliter
504 1355 681 1434 expectato,
699 1347 872 1421 adductus,
893 1357 951 1412 aut
965 1347 1082 1433 quovis
1102 1368 1144 1410 ex
1165 1353 1260 1431 pacto
1274 1344 1413 1426 quibus-

265 1456 390 1518 cunque
413 1434 523 1500 verbis
545 1441 708 1518 concepto,
731 1434 874 1518 aliquem
893 1434 1051 1511 nominet,
1066 1440 1124 1496 aut
1140 1430 1263 1514 aliquid
1277 1451 1338 1515 pro
1353 1451 1414 1492 no·

265 1521 443 1585 minatione
472 1517 662 1607 hujusmodi
684 1519 755 1585 ullo
780 1541 926 1603 unquam
950 1527 1107 1605 tempore,
1132 1520 1232 1582 etiam
1259 1516 1288 1579 si
1311 1515 1414 1600 gratis

264 1605 430 1681 offeratur,
452 1605 596 1691 accipiat.
642 1606 695 1670 De
710 1628 777 1690 quo
792 1607 830 1684 si,
849 1612 947 1692 juxta
964 1605 1102 1670 formam
1119 1603 1154 1667 in
1176 1603 1281 1686 eapite
1298 1601 1341 1666 de
1356 1623 1414 1686 pu·

265 1692 392 1757 uitione
408 1693 443 1756 in
457 1691 637 1779 majoribus
652 1691 844 1754 criminibus
859 1690 1025 1769 traditam,
1041 1690 1205 1754 convictus
1219 1687 1328 1759 suerit,
1340 1693 1414 1748 tarr·

264 1800 365 1859 quam
378 1783 530 1865 perjurus
544 1776 702 1863 puniatur
716 1790 748 1841 et
762 1777 934 1854 habeatur,
957 1785 993 1842 et
1013 1784 1176 1864 praeterea
1194 1773 1314 1839 reddat
1337 1772 1415 1836 Col·

264 1862 350 1952 legio
366 1865 503 1950 duplum
517 1862 651 1948 accepti.

516 1996 596 2084 Cap.
615 1999 664 2064 15.
689 2001 742 2064 De
756 2000 976 2085 discipulorum
978 2001 1167 2084 juramento.

309 2122 395 2187 Cum
409 2142 505 2186 nemo
520 2121 565 2184 sit
579 2121 700 2184 mentis
714 2141 856 2205 compos,
866 2128 1029 2201 aetateque
1040 2126 1074 2183 et
1084 2119 1210 2206 judicio
1219 2120 1413 2204 provectior,

265 2209 323 2292 qui
345 2230 412 2273 uon
436 2207 546 2292 aliqua
567 2207 727 2295 religione
751 2206 879 2289 Deique
902 2205 1087 2269 reverentia
1110 2214 1231 2269 natura
1254 2206 1415 2271 constrin-

265 2304 362 2381 gatur
383 2299 698 2375 commoveaturque‚
720 2299 755 2357 et
777 2292 900 2357 idcirco
923 2312 963 2356 ea
981 2291 1172 2356 inviolatius
1196 2299 1231 2356 et
1253 2292 1416 2378 integrius

265 2386 396 2465 sataget
425 2400 552 2443 servare
581 2401 655 2460 quae
686 2378 889 2442 sanctissimo
913 2378 1128 2464 jurejurando
1160 2400 1196 2442 se
1225 2378 1416 2443 inconcusse

103 2475 235 2549 Peripdof
264 2466 426 2530 facturum
438 2465 629 2541 confirmat3
651 2464 832 2529 statuimus
851 2465 962 2547 itaque
978 2472 1016 2527 ut
1029 2464 1250 2548 unusquisque
1271 2464 1416 2529 scholas-

102 2536 236 2641 fflffifi'n
265 2551 349 2616 tinus
363 2551 399 2614 in
415 2549 613 2637 discipulum
627 2550 732 2614 nostri
755 2550 897 2636 Collegii
922 2550 1054 2622 electus,
1081 2550 1169 2614 intra
1194 2559 1260 2615 tres
1283 2569 1416 2615 menses

102 2654 163 2757 ngt
161 2654 255 2771 a{150qu
265 2635 584 2786 Sostquampelectps
610 2635 717 2708 fuerit,
726 2634 785 2785 lad
801 2635 1034 2784 dlgffil’ffllllm
1048 2649 1079 2697 et
1094 2635 1311 2785 emplumcnta
1326 2639 1415 2737 ejus-

102 2770 242 2877 tt¹¹⁸²¹¹⁰
265 2721 1139 2893 tt¹3⁶tn¹t⁸ttt⁶2tt,tttttttltttttt
1158 2722 1416 2873 tttffitdttt

266 2894 377 2958 aetatis
400 2914 522 2957 annum
545 2892 765 2978 compleverit,
786 2893 976 2979 priusquam
998 2894 1033 2957 in
1056 2893 1242 2980 Collegium
1265 2900 1415 2959 nostrum

265 2980 314 3045 ita
337 2979 532 3043 admittatur
555 2986 613 3042 aut
639 2977 766 3061 aliquid
792 2978 1004 3042 emolumenti
1028 3000 1070 3043 ex
1096 2978 1211 3043 eodem
1239 2980 1417 3065 pereipiat.

264 3087 371 3129 coram
387 3063 592 3129 Praesidente
602 3063 654 3127 vel
667 3062 749 3129 Vice
772 3061 950 3128 raesidente
964 3074 998 3130 et
1012 3064 1141 3129 dnobus
1153 3064 1326 3129 auttribus
1339 3065 1416 3129 aliis

266 3150 383 3232 Sociis,
399 3151 498 3216 tactis
509 3150 723 3214 sacrosanctis
737 3085 801 3212 Ilei
814 3150 1014 3236 Evangeliis,
1027 3150 1249 3236 subscriptum
1263 3151 1416 3217 volumus

264 3237 394 3325 publice
418 3245 451 3301 et
473 3234 692 3324 personaliter
713 3242 872 3320 praestare
885 3242 1123 3336 juramentum.
1167 3237 1236 3314 Qui
1251 3244 1362 3301 autem
1378 3238 1414 3302 in

265 3346 326 3388 suo
354 3324 507 3409 ingressu
534 3322 589 3387 vel
618 3320 819 3387 admissione
848 3321 966 3385 mmori
991 3343 1090 3406 quam
1115 3321 1339 3409 supradictum
1363 3332 1416 3387 est

264 3408 363 3473 fuerit
375 3412 482 3489 etate,
496 3409 652 3491 quoniam
667 3408 725 3471 illa
739 3416 820 3471 aetas
836 3406 1014 3494 juramenti
1028 3405 1159 3493 pondus
1179 3430 1234 3472 nec
1249 3409 1415 3473 aestimare

264 3500 377 3579 potest
404 3515 465 3557 nec
494 3492 587 3578 ferre,
616 3516 691 3558 eum
714 3494 877 3578 tantisper
897 3498 1081 3579 juramento
1106 3494 1226 3557 arctari
1239 3494 1436 3573 nolumus3.

266 3583 492 3655 veruntamen,
523 3578 611 3642 intra
634 3599 781 3642 mensem
803 3588 976 3666 postquam
1003 3579 1046 3643 ad
1070 3576 1259 3665 praedictam
1281 3588 1415 3645 aetatem

266 3663 466 3749 pervenerit,
491 3660 526 3725 id
552 3682 661 3727 eoram
685 3663 810 3727 eisdem
836 3664 986 3729 similiter
1010 3673 1167 3751 praestare
1190 3667 1416 3753 juramentum

104 3774 230 3824 succure
266 3753 493 3813 teneatur.-“
510 3746 581 3833 Ego
611 3746 646 3812 in
669 3748 858 3835 Collegium
881 3750 1033 3836 Corporis
1058 3750 1185 3816 Christi
1212 3752 1348 3815 Oxoniae
1379 3754 1415 3819 in

103 3836 169 3883 oeth.
266 3832 467 3935 discipulum
492 3832 626 3917 electus,
645 3833 721 3920 juro
743 3837 828 3920 quod
852 3836 987 3902 firmiter
1011 3836 1107 3901 credo
1130 3860 1183 3902 me
1206 3838 1315 3903 aetatis
1341 3861 1415 3905 csse

268 3922 302 3986 N
306 3968 324 3999 .‚
336 3919 464 3984 circiter
479 3918 567 3985 diem
577 3918 619 3984 N.
631 3927 666 3985 et
682 3920 716 3985 in
733 3922 891 3989 comitatu
907 3922 951 3985 N.
962 3946 1001 3987 sx
1013 3922 1163 4009 legitimo
1179 3924 1270 3988 thoro
1285 3922 1414 4027 usqum,

266 4006 457 4090 nullumque
471 4002 559 4090 quod
575 4004 677 4071 sciam
696 4016 754 4072 aut
776 4006 907 4073 credam
931 4009 1199 4096 impedimentum
1223 4024 1414 4075 'canon1cum
1466 4040 1490 4049 ’·

267 4094 309 4157 ad
322 4092 470 4157 ordinem
481 4092 655 4157 sacerdotii
669 4103 788 4180 praeter
803 4092 968 4160 defectum
982 4096 1087 4159 atatis
1098 4098 1289 4182 patientem.
1316 4096 1413 4176 Item,

267 4176 357 4262 quod
371 4200 437 4243 uon
451 4178 558 4243 habeo
579 4177 710 4264 aliquod
733 4188 858 4245 certum
882 4178 971 4244 unde
993 4202 1124 4266 possum
1148 4205 1188 4246 ex
1213 4180 1332 4246 endere
1357 4206 1412 4247 arr-

266 4264 501 4329 nuatimnltra
514 4263 734 4352 quadraginta
749 4266 872 4332 solidos
894 4266 1133 4416 sterlingorum.
1179 4202 1275 4347 llam,
1292 4269 1322 4332 si
1336 4290 1413 4333 con-

266 4349 375 4434 tingat
396 4372 449 4414 me
469 4348 552 4413 scire
571 4350 682 4433 aliqua
695 4359 819 4439 secreta
838 4350 937 4439 hujus
952 4350 1014 4417 Col
1028 4374 1046 4415 e
1071 4352 1105 4425 ii,
1121 4354 1194 4439 ipsa
1208 4354 1241 4417 in
1257 4354 1414 4420 damnum

267 4434 336 4497 sive
359 4434 587 4520 praejudicium
611 4436 814 4541 ipsiusnulli
839 4436 997 4503 revelabo.
1043 4374 1139 4519 item,
1156 4438 1245 4523 quod
1267 4439 1312 4504 ad
1334 4438 1415 4507 dicti
