3000 4700
317 228 461 322 ‚suaa
475 229 642 313 <pompa
661 229 780 293 caeru
798 191 922 316 cauea,
943 232 1071 316 orsae.
1221 228 1265 291 ss

115 389 333 458 concedimus,
359 389 540 457 dummodo
568 392 649 478 ipsis
678 392 973 480 Dispensatoribus
1000 396 1034 458 in
1063 392 1266 460 commodum

119 475 275 561 Collegit
291 497 350 562 pro
372 487 445 540 rata
458 479 619 544 mensium
634 490 669 543 et
683 476 813 544 dierum
832 478 948 565 quide
963 504 1050 546 anno
1066 480 1122 544 illo
1136 478 1267 564 integro

118 561 307 641 defuerunt,
319 563 497 628 restituant
510 572 542 628 et
556 565 752 650 persolvant,
765 565 955 652 priusquam
969 591 1062 632 suam
1077 563 1268 650 hujusmodi

119 658 248 712 vestem
263 650 329 712 ullo
344 659 439 736 paeto
454 650 520 714 reci
543 651 625 716 iant.
669 651 767 729 Quod
782 653 811 716 si
825 653 985 740 quispiam
1002 653 1106 718 nostri
1122 651 1268 736 Collegit

120 735 246 812 socius,
263 734 417 800 scholaris
442 745 500 800 aut
515 673 705 824 discipulus,
725 740 830 803 locum
852 762 949 822 quern
969 738 1086 804 habuit
1108 737 1267 803 innostro
1288 779 1292 790 ·

121 820 275 906 Collegio
291 833 367 887 ante
381 823 523 908 primum
540 821 635 888 illum
649 823 737 890 diem
760 825 844 889 Maii
859 825 1021 891 dimiserit
1035 825 1087 890 vel
1110 823 1267 901 amiserit,

119 906 173 969 vel
189 909 385 973 beneficium
399 918 457 973 aut
479 909 570 973 aliud
592 909 763 997 quidpiam
785 933 860 976 cum
884 911 955 976 loco
979 921 1016 978 et
1038 918 1128 976 statu
1150 931 1211 973 suo
1233 909 1267 972 in

120 992 272 1077 Collegio
286 995 377 1058 ultra
391 1016 511 1060 annum
524 996 577 1060 uti
589 1019 690 1082 supra
704 1009 838 1062 cavetur
860 997 1112 1084 incompatibile,
1133 993 1185 1060 vel
1209 1017 1268 1080 per

117 1101 156 1141 so
172 1078 224 1143 vel
239 1102 299 1172 per
314 1081 416 1144 alium
439 1081 483 1145 ad
503 1084 574 1168 ejus
589 1105 685 1146 usum
709 1094 769 1148 aut
785 1083 1001 1160 commodum,
1028 1081 1137 1147 inille
1160 1080 1268 1166 primo

118 1166 178 1228 die
193 1166 280 1230 Maii
293 1168 409 1250 quovis
432 1189 518 1232 anno
539 1169 674 1254 pacifice
696 1169 886 1255 possederit,
901 1171 928 1233 is
943 1191 1071 1233 omnem
1086 1191 1154 1232 suae
1168 1166 1268 1230 vestie

118 1251 284 1336 praedictae
313 1254 495 1339 portionem
519 1277 579 1340 pro
606 1277 693 1319 anno
722 1256 871 1342 proxime
894 1256 989 1320 illum
1014 1255 1156 1341 primum
1179 1252 1268 1316 diem

122 1338 209 1401 Maii
233 1338 437 1424 praecedente
451 1341 585 1404 omnino
608 1341 750 1406 amittat.
796 1341 946 1406 Ministri
968 1352 1078 1406 autem
1101 1338 1214 1404 sacelli
1235 1348 1269 1402 et

119 1424 239 1488 famuli
254 1426 311 1508 qui
326 1436 403 1489 ante
415 1427 507 1490 illum
524 1425 610 1491 diem
623 1451 683 1492 sua
698 1429 732 1492 in
744 1428 894 1514 Collegio
908 1429 979 1493 loca
996 1436 1030 1492 et
1044 1425 1201 1510 obsequia
1215 1423 1269 1488 vel

120 1533 183 1573 sua
198 1521 315 1595 sponte
329 1512 512 1576 dimiserint
527 1514 580 1577 vel
594 1536 654 1577 sua
677 1515 775 1600 culpa
798 1523 857 1579 aut
871 1514 1076 1602 negligentia
1091 1511 1269 1583 amiserint,

1 1631 5 1651 ·
119 1595 156 1658 hi
170 1618 299 1682 quoque
314 1621 444 1663 omnem
459 1622 527 1664 suae
543 1600 643 1665 restis
657 1603 843 1687 portionem
860 1623 920 1687 pro
929 1602 987 1665 illo
1002 1622 1089 1664 anno
1104 1599 1268 1662 amittant.

120 1683 293 1748 Summum
303 1693 416 1748 autem
427 1686 567 1771 pretium
581 1688 678 1750 unius
689 1693 845 1773 cujusque
855 1688 965 1766 vestis,
974 1686 1061 1770 quod
1071 1685 1162 1748 nullo
1171 1692 1267 1770 pacto
1280 1701 1351 1748 errae
1363 1701 1393 1748 or

120 1777 181 1832 aut
194 1771 322 1834 ratione
348 1794 491 1854 unquam
518 1773 559 1837 de
583 1774 676 1836 bonis
700 1783 736 1838 et
762 1774 916 1860 impensis
941 1773 1083 1860 collegii
1106 1778 1268 1857 augeatur
1279 1760 1367 1820 rivery.

52 1889 55 1893 >
120 1863 180 1919 aut
210 1857 396 1936 excedatur,
426 1858 558 1922 inclusis
588 1860 686 1923 etiam
716 1862 750 1922 in
775 1883 814 1925 eo
837 1861 1026 1945 sumptibus
1055 1867 1089 1922 et
1118 1858 1268 1942 expensis

121 1942 307 2027 emptionis,
320 1953 472 2023 vectura,
489 1954 522 2007 et
538 1945 623 2027 siqui
636 1946 709 2008 aliis
719 1956 855 2031 umptus
870 1947 953 2009 circa
968 1969 1040 2009 eam
1056 1966 1124 2007 rem
1138 1943 1268 2025 quovis-

120 2028 219 2091 modo
231 2031 449 2107 erenicnt,ita
464 2030 650 2108 definimus,
663 2041 700 2094 ut
714 2053 876 2094 summum
893 2032 1032 2114 pretium
1050 2030 1149 2094 vestis
1165 2026 1269 2112 ipsius
1329 2087 1334 2093 .

122 2115 334 2179 l’raesidentis
365 2119 409 2180 sit
440 2118 561 2202 viginti
590 2139 647 2181 sex
677 2116 854 2182 solidorum
880 2126 914 2180 et
937 2124 1011 2180 octo
1040 2113 1268 2190 denariorum3

121 2201 414 2288 Viceprresidentis
429 2212 586 2267 autemst
602 2205 855 2288 uniuscujusque
870 2211 994 2289 septem
1010 2202 1149 2266 maxime
1164 2199 1268 2262 senio·

120 2311 205 2368 rum,
220 2290 490 2373 Decanorumque
502 2298 537 2355 et
555 2290 840 2376 Dispensatorem,
854 2313 889 2355 ac
900 2290 998 2354 triurn
1010 2288 1113 2352 nostri
1130 2283 1267 2370 Collegii

120 2375 297 2440 Lectorum
329 2377 543 2459 publicorum,
569 2377 690 2463 viginti
715 2376 913 2453 solidorum3
946 2385 1135 2440 ceterorum
1158 2380 1266 2435 autem

121 2462 288 2526 Sociorum
313 2462 547 2548 graduatorum
572 2464 827 2549 uniuscujusque
846 2462 1008 2527 sexdecim
1035 2458 1212 2524 solidorum
1234 2467 1268 2521 et

120 2557 195 2611 ooto
232 2548 464 2627 denariorum
505 2550 672 2613 Sociorum
710 2560 820 2614 autem
856 2572 919 2613 non
960 2547 1192 2633 graduatoruur
1231 2564 1267 2607 ao

119 2635 315 2698 scholarium
327 2636 415 2699 intra
430 2636 598 2699 biennium
615 2636 817 2720 probationis
827 2655 1103 2721 quorumeunque,
1117 2630 1269 2694 Cantoris

120 2743 251 2803 quoque
277 2730 312 2784 et
338 2721 498 2793 Sacristaa
526 2731 559 2785 et
581 2729 739 2807 praterea
769 2721 1001 2808 discipulorum
1033 2718 1266 2807 graduatorum

122 2808 386 2890 uniuscujusque,
419 2806 575 2872 tredecim
596 2807 775 2871 solidorum
804 2816 838 2872 et
867 2817 1009 2891 quatuor
1035 2806 1267 2878 denariorum3

123 2893 367 2978 Discipulorum
397 2904 508 2959 autem
542 2916 608 2958 non
646 2893 884 2980 graduatorum
920 2902 955 2959 et
986 2893 1126 2958 duorum
1157 2886 1269 2953 sacelli

122 2980 345 3043 ministrorum
360 3002 424 3042 non
440 2980 656 3059 sacerdotum,
667 2979 809 3045 duorum
827 2980 1041 3044 choristarurn
1060 2985 1094 3040 et
1107 2977 1268 3061 pincernae

121 3088 251 3149 quoque
269 3075 302 3130 et
325 3066 486 3130 interioris
508 3067 612 3148 coqui,
635 3065 748 3130 decem
774 3066 973 3142 solidorum;
1005 3061 1157 3147 mancipii
1181 3080 1267 3135 vero,

118 3150 272 3233 janitoris
305 3162 340 3215 ct
372 3153 547 3238 superioris
577 3153 680 3234 coqui,
711 3153 812 3216 vestis
841 3151 996 3217 tredecim
1026 3147 1207 3211 solidorum
1236 3152 1270 3207 ct

121 3246 263 3321 quatuor
278 3237 496 3303 denariorum.
535 3238 598 3301 Pro
613 3238 762 3301 vestibus
777 3247 887 3302 autem
903 3235 1041 3301 duorum
1061 3229 1270 3296 Prasidentis

122 3322 328 3398 famulorum,
349 3346 462 3388 earum
488 3325 634 3409 pretium
661 3323 824 3409 incapite
855 3324 896 3386 de
917 3319 1133 3409 pensionibus
1154 3327 1187 3382 et
1212 3315 1270 3378 sti-

122 3409 251 3493 pendiis
280 3432 381 3495 supra
410 3410 644 3473 ordinavimus.
705 3410 779 3473 Nec
807 3418 919 3473 tamen
947 3405 1160 3494 prohibemus
1188 3402 1269 3485 quin

122 3495 354 3580 praedictorum
379 3497 496 3577 quivis,
527 3496 555 3558 si
584 3495 675 3570 velit,
706 3518 778 3559 curn
806 3517 964 3560 consensu
995 3489 1206 3556 Praesidentis
1236 3499 1270 3552 ct

123 3584 255 3665 majoris
278 3582 382 3667 partis
399 3582 541 3665 quinque
562 3581 800 3660 officiariorum,
816 3582 920 3667 possit
942 3578 1113 3665 quidpiam
1137 3574 1179 3640 de
1203 3574 1270 3638 suis

125 3667 266 3732 nummis
297 3667 340 3731 ad
374 3668 566 3753 augendum
600 3667 745 3753 pretium
772 3677 830 3732 aut
858 3689 1042 3731 mensuram
1077 3686 1142 3728 sua
1171 3660 1271 3726 vestis

123 3775 297 3839 apponere,
312 3752 490 3817 dummodo
514 3752 603 3817 idem
627 3753 680 3817 vel
703 3776 803 3838 quam
825 3755 993 3839 proximus
1016 3754 1060 3817 sit
1084 3751 1181 3815 color.
1227 3746 1272 3811 Et

123 3857 191 3903 tam
219 3861 279 3924 pro
307 3839 367 3904 illa
388 3840 606 3925 exuperantia
633 3862 732 3923 quam
756 3862 816 3925 pro
845 3840 1031 3928 sumptibus
1059 3845 1093 3901 et
1119 3833 1273 3920 expensis

123 3925 311 4012 emptionis,
319 3936 459 3990 vectura
470 3935 504 3991 et
514 3925 712 4009 hujusmodi,
722 3928 814 4011 prius
828 3924 1119 4015 Dispensatoribus
1130 3916 1274 4067 Colle]g)ii

123 4034 184 4098 pro
204 4023 274 4075 rata
287 4011 395 4076 solvat
408 4034 507 4095 quam
526 4033 620 4075 suam
639 4022 763 4075 vestem
786 4012 855 4076 ulla
880 4012 1008 4077 ratione
1031 4006 1175 4092 recipiat.
1255 4026 1274 4067 e

123 4120 189 4182 quo
216 4097 452 4163 Praesidentem
487 4106 523 4162 et
556 4107 690 4161 ceteros
726 4100 894 4162 officiarios
930 4098 965 4160 in
995 4095 1061 4159 vim
1093 4089 1276 4178 juramenti

124 4182 348 4269 astringimus,
363 4206 406 4248 ne
430 4182 564 4267 aliquod
589 4182 826 4248 detrimentum
851 4194 963 4247 nostro
980 4180 1128 4263 Collegio
1152 4198 1193 4239 ex
1215 4174 1276 4239 hac

125 4276 238 4335 nostra
247 4270 345 4335 venia
360 4282 395 4337 et
411 4269 566 4334 facilitate
577 4269 693 4353 quovis
710 4281 865 4355 tempore,
879 4269 947 4332 ullo
962 4266 1061 4331 modo
1076 4266 1146 4350 ejus
1157 4262 1274 4339 abusu,

124 4356 158 4419 iu
175 4364 345 4441 posterum
360 4356 500 4421 eveniat.
549 4356 782 4429 Veruntamen,
799 4356 851 4419 bis
875 4350 1175 4429 nonobstantibus,
1192 4370 1275 4413 oom-
1289 4365 1381 4421 money

123 4442 288 4508 mittimus
305 4442 432 4529 judicio
449 4440 661 4506 Prasidentis
676 4452 711 4505 et
726 4441 857 4527 majoris
872 4440 976 4528 partis
996 4438 1163 4503 seniorum
1179 4443 1226 4508 ut,
1248 4432 1278 4498 si
1288 4420 1386 4471 imm
1396 4414 1425 4462 of

123 4527 282 4592 videatur
296 4531 344 4591 cis
358 4530 393 4591 in
408 4526 614 4592 commodum
626 4526 780 4613 Collegii,
793 4535 929 4614 propter
940 4524 1048 4592 multa
1059 4546 1133 4612 quae
1143 4530 1280 4609 possunt
1290 4484 1376 4541 um
1420 4541 1472 4553 ⁴*
