3000 4700
350 251 936 360 remanseramus-uos
953 255 1093 326 aaran.
1235 258 1297 328 ιιι

20 404 21 419 ³
142 419 180 486 in
188 420 249 486 hoo
261 422 334 508 ejus
344 422 496 509 Oollegin
506 443 515 500 3
526 442 564 488 ac
578 424 687 501 etium
701 433 741 490 ut
751 423 813 489 hoc
824 425 1025 490 commodius
1040 426 1111 505 fiat,
1120 423 1297 499 ordinavit,

144 514 186 571 nt
208 516 304 595 patet
326 509 361 572 in
376 517 505 574 statuto
523 509 566 574 de
584 518 732 598 tempore
755 511 945 576 assumendi
959 531 1068 576 sacros
1091 511 1233 585 ordines,
1257 523 1297 580 ut

140 611 257 659 omnes
271 602 305 660 et
319 595 443 681 singuli
458 595 589 660 Artium
603 595 769 684 Magistri,
783 605 903 683 prater
916 619 1019 662 nuum
1034 596 1078 662 ad
1099 597 1295 666 medicinam

142 678 354 767 deputatum,
370 681 460 746 intra
479 682 655 748 terminum
678 691 757 771 post
773 683 912 769 gradum
928 683 1148 770 Magistratus
1163 707 1295 774 suscep
1379 749 1388 768 ,

142 771 218 830 tum
236 764 284 854 [so
298 772 332 832 iu
351 770 401 832 tic
421 791 498 856 copy
520 765 573 833 bct
593 781 646 836 not
664 772 831 855 accordiop
851 782 882 838 to
901 769 1029 858 muta]
1051 777 1163 835 essem
1190 793 1295 838 sacer-

143 849 251 916 dotes.
297 851 365 917 sed
389 855 460 956 jam
481 853 588 918 mhaia
610 855 743 943 penitus
773 856 952 944 abrogatis,
983 856 1071 922 inter
1096 857 1205 922 Socios
1233 857 1296 923 hoc

141 946 293 1002 motatur
317 939 465 1012 dubium,
489 941 621 1019 scilicet,
646 963 688 1004 an
716 941 850 1005 Artium
874 941 1032 1028 Magistri
1055 943 1142 1006 intra
1165 951 1295 1030 tempus

141 1024 338 1109 praedictum
353 1034 512 1091 tenentur
534 1047 605 1091 aare
625 1026 841 1092 Sacerdotes?
860 1049 960 1114 anper
974 1027 1037 1092 hoo
1049 1027 1191 1092 dubium
1205 1029 1294 1094 Socii

133 1112 315 1176 convenire
328 1129 394 1175 non
406 1121 597 1197 potuerunt„
644 1112 725 1177 Ideo
740 1112 935 1178 Maletum
956 1121 1029 1178 erat
1059 1111 1102 1178 ad
1125 1113 1295 1180 dominum

142 1191 334 1261 iohannem
345 1197 475 1285 Poynct
484 1199 681 1284 Episcopum
696 1199 953 1264 wintoniensem
965 1199 1248 1300 interpretandum
1258 1211 1296 1267 et

140 1283 371 1368 exportandum
385 1292 425 1348 ut
438 1293 566 1349 statuta
584 1285 732 1370 jubent3.
746 1287 839 1372 cujus
858 1286 1088 1374 interpretatio
1111 1307 1212 1352 mauu
1230 1311 1294 1354 suo

139 1368 265 1454 scripta
276 1366 424 1456 sequitur
434 1371 468 1434 in
482 1369 552 1434 hmo
565 1373 684 1436 verba:

186 1479 285 1552 Alter
298 1511 353 1576 my
376 1513 453 1576 very
466 1484 586 1577 hearty
610 1487 908 1565 commendations3
934 1487 1026 1554 these
1048 1492 1091 1556 he
1114 1498 1151 1556 to
1171 1489 1291 1578 signiiy

140 1580 223 1639 unte
244 1597 321 1661 you,
338 1571 413 1640 that
434 1577 450 1640 1
475 1597 527 1640 am
540 1595 632 1663 sorry
644 1575 726 1639 hear
743 1573 802 1639 tell
826 1575 904 1640 that
924 1575 1016 1640 there
1036 1575 1157 1640 should
1172 1577 1213 1640 be
1226 1599 1291 1662 any

140 1661 328 1724 contentiori
342 1671 496 1748 amongst
510 1685 585 1748 you,
598 1657 664 1725 and
679 1659 854 1748 especially
868 1681 956 1748 upon
972 1663 1041 1726 that
1054 1665 1146 1748 piene
1160 1663 1199 1726 oi'
1208 1685 1292 1749 your

139 1745 408 1812 statutewhichis
420 1757 505 1812 most
536 1747 614 1813 lain.
652 1743 763 1812 These
773 1747 817 1812 be
832 1746 891 1812 the
901 1747 1005 1812 words
1016 1747 1054 1812 ui
1063 1769 1144 1834 your
1154 1756 1289 1829 statute,

141 1832 404 1917 “nequisquam
421 1856 456 1898 se
472 1855 491 1897 a
545 1833 688 1934 ominico.
696 1833 848 1898 retrahat
863 1833 1053 1933 ministerio,
1074 1835 1133 1899 sed
1147 1837 1290 1922 seipsum

139 1927 308 2091 {titt}
323 1928 496 2070 tellit
512 1927 1006 2092 lttttdtltltzsstplllt
1027 1921 1288 2072 difficili

138 2083 279 2156 Fellows
303 2086 341 2156 oi
359 2114 440 2177 your
465 2090 593 2163 Houae,
617 2091 737 2177 saving
762 2089 818 2154 the
832 2089 967 2154 student
989 2089 1024 2154 in
1049 2089 1175 2178 physic,
1206 2091 1290 2158 aiter

137 2177 260 2240 oertuin
272 2198 377 2263 years,
386 2185 567 2263 toprepare
576 2170 773 2241 themselves
784 2174 827 2240 ad
837 2175 1055 2240 ministerium
1070 2177 1285 2252 Dominicum,

133 2259 239 2327 ‘which
260 2263 289 2325 is
314 2286 348 2327 as
368 2286 436 2350 you
460 2261 555 2328 know
579 2262 770 2349 praedicatio
787 2263 883 2327 verbi
908 2273 942 2328 et
958 2262 1158 2328 ministratio
1178 2285 1284 2328 sacra·

137 2357 321 2414 mentorum
340 2344 494 2427 Domini3
517 2347 620 2414 which
630 2349 780 2435 ministry
791 2349 925 2427 ramniu,
940 2345 1068 2436 though
1083 2350 1229 2437 messing
1243 2352 1286 2416 be

135 2455 242 2519 gone3
263 2460 300 2501 ao
314 2433 386 2501 that
401 2435 529 2524 though
544 2458 583 2521 ye
610 2436 651 2499 be
668 2434 860 2519 discharged
877 2432 916 2500 oi
932 2436 1090 2523 messing,
1114 2444 1170 2524 yet
1185 2460 1225 2585 ye
1243 2439 1283 2503 be

136 2529 195 2584 not
209 2515 404 2621 discharged
427 2544 448 2586 a
471 2522 656 2587 ministerio
681 2518 869 2585 Dominico.
915 2520 1102 2587 Wherefora
1128 2523 1141 2587 1
1165 2547 1182 2587 c
1206 2546 1284 2610 urge

133 2628 212 2755 '13³⁰'
228 2606 494 2759 'dliiiimiii
510 2604 1285 2760 {litatiillitttltf’ltldltt‘lt

134 2700 263 2867 hbiysed
292 2800 375 2867 your
401 2786 526 2845 statute
554 2781 588 2843 in
619 2742 694 2843 ihus
720 2779 825 2865 point,
848 2800 888 2867 ye
910 2789 1001 2845 must
1020 2777 1077 2868 put¹
1108 2778 1198 2845 thern
1223 2791 1281 2847 out

134 2863 310 2952 according
324 2874 359 2931 to
374 2885 457 2954 your
470 2873 595 2931 statute
609 2865 645 2929 in
659 2864 736 2928 that
750 2864 871 2929 behuli.

234 3096 450 3183 Interpretari)
463 3098 541 3161 Rot.
556 3098 665 3162 Honw
678 3097 829 3181 Episcopi
847 3095 1068 3170 Wntom'ensis,
1090 3092 1182 3159 1562.

175 3211 224 3277 Et
238 3213 393 3297 quoniam
417 3214 599 3301 complures
621 3212 814 3278 reverendos
840 3220 875 3277 et
896 3211 1046 3276 honestos
1075 3210 1159 3275 viros
1188 3212 1282 3277 audi-

132 3316 206 3363 mus
233 3299 387 3383 conqueri
410 3299 455 3363 de
477 3300 599 3364 violato
624 3318 645 3363 a
667 3299 761 3363 vona
784 3304 909 3362 sutura
933 3297 1038 3361 altem
1059 3298 1282 3363 'conoemeute

131 3384 338 3450 sacerdotum
357 3384 446 3471 apud
463 3402 520 3449 ros
543 3386 757 3459 creationem
781 3406 880 3467 quam
893 3383 994 3448 otiam
1018 3381 1186 3466 querelam
1211 3385 1281 3470 ipse

130 3488 178 3543 nu
222 3470 434 3536 rProesidens
444 3480 550 3535 vester
561 3470 756 3534 ll'illielmus
767 3468 930 3535 Bochcru
941 3468 1120 3533 lamentans
1131 3469 1282 3536 exhibuit

130 3578 173 3621 no
198 3557 284 3621 isin
306 3557 498 3621 'visitatione
526 3564 638 3620 nostra
666 3556 785 3620 ultima
814 3555 901 3642 apud
930 3576 1009 3632 vos3
1030 3554 1121 3652 cujus
1149 3555 1279 3639 quidem

129 3642 315 3707 violationis
337 3643 465 3707 occasio
488 3641 578 3707 haud
599 3642 719 3707 scimus
746 3640 837 3706 unde
854 3649 931 3705 ,orta
958 3640 1013 3713 sit,
1039 3640 1104 3705 mei
1130 3640 1217 3725 quod
1244 3656 1281 3708 ut

129 3727 292 3808 audimus,
307 3729 488 3795 videamini
502 3738 657 3816 peracute
671 3728 799 3794 scilicet
814 3728 1018 3814 distinguere
1030 3727 1120 3794 inter
1133 3730 1280 3794 ministe-

128 3816 213 3882 rium
227 3814 422 3881 modernam
436 3826 471 3881 et
483 3815 698 3880 sacerdotum.
732 3814 958 3897 significamus
971 3812 1074 3886 vobis,
1089 3815 1178 3898 quod
1192 3816 1280 3880 malo

127 3904 238 3967 animo
251 3912 288 3965 et
301 3901 476 3967 inscienter
488 3900 711 3987 distinguatis,
735 3901 982 3987 interponentes
1000 3900 1173 3964 discrimen
1193 3902 1279 3965 inter

127 3988 297 4067 vocabula,
320 4009 458 4073 quorum
482 4009 602 4052 sensus
624 3988 753 4051 nullum
777 3988 908 4051 omniuo
928 3982 1102 4049 discrimen
1123 3984 1277 4051 habeant.

127 4073 286 4159 Ideoque,
301 4073 448 4161 perlecto
463 4081 590 4137 statuto
614 4074 672 4138 illo
688 4074 808 4137 iterum
824 4080 921 4155 atque
932 4072 1064 4147 iterum,
1087 4070 1277 4136 examinato

121 4182 165 4227 sc
179 4181 344 4247 perpenso
354 4161 455 4225 etiam
471 4167 570 4243 atque
585 4162 694 4237 etiam,
712 4180 754 4222 ax
768 4180 854 4245 pura
868 4160 1056 4239 sinceraque
1070 4157 1277 4229 conscientia,

126 4246 374 4334 depositorum
403 4244 521 4310 affectu
552 4254 623 4311 tum
652 4253 817 4332 respectu,
845 4242 1072 4325 (Altisaimum
1101 4246 1276 4327 testamur)

122 4330 212 4397 nihil
239 4350 373 4419 prorsus
408 4331 455 4396 ibi
492 4332 686 4404 invenimus,
721 4330 899 4413 quominus
937 4348 1049 4394 omnes
1084 4334 1118 4393 et
1154 4328 1278 4415 singuli

128 4418 283 4505 Magistri
300 4419 678 4503 assumpseram
701 4416 759 4498 qui
769 4416 939 4481 meclioinae
968 4412 1146 4501 deprrtatus
1169 4415 1276 4486 licerit,

1406 4565 1474 4587 -ιΙ
