3000 4700
262 235 285 296 4
464 239 602 307 Statulae
616 239 784 324 osCorpus
802 239 919 304 canui
936 239 1062 325 Collepe,
1083 240 1213 324 Ossord.

264 398 378 464 dorum
401 423 677 486 quorumcunque,
693 404 853 469 interesse
876 401 1047 481 babentes,
1063 423 1100 466 ac
1117 402 1184 466 rite
1205 409 1243 466 et
1264 399 1421 484 legitime

266 487 449 552 secundum
463 489 600 554 formam
616 496 814 555 statutorum
828 497 959 553 rocetos
979 496 1015 553 et
1028 488 1214 576 requisitos,
1234 509 1272 552 ae
1291 484 1419 549 deinde

143 595 147 604 ’
266 574 480 657 personaliter
494 576 662 652 iuteresse,
678 583 737 641 aut
752 575 974 646 effectualiter,
986 575 1183 640 nominatim
1198 581 1234 639 et
1249 573 1418 643 absolute,

267 660 433 725 nominare
456 673 487 725 et
509 663 642 748 eligere,
657 671 845 740 renuentes,
860 661 1025 726 incurrere
1046 661 1199 726 volumus
1221 660 1296 748 ipso
1317 658 1418 723 iacto.

267 743 342 810 Hoc
357 745 489 831 quidem
504 751 644 834 septimo
659 749 702 812 ab
718 745 926 812 intimatione
940 746 1006 826 die,
1025 747 1091 811 nisi
1113 748 1157 811 ob
1181 745 1417 811 solennitatem

265 832 344 898 festi
366 832 537 900 differatur
558 835 590 899 in
607 834 795 906 crastinum,
810 831 891 896 hora
904 833 1072 917 predicta,
1087 833 1241 898 volumus
1256 842 1294 897 ut
1309 832 1419 917 primo

265 920 511 1006 solenniterper
521 918 810 998 Socios,scholares
819 920 853 982 in
863 919 997 983 biennio
1006 919 1218 1005 probationis,
1229 918 1419 1004 discipulos,

265 1014 300 1070 et
314 1005 424 1070 sacelli
438 1006 615 1085 ministros,
631 1028 689 1092 pro
703 1008 811 1090 gratia
821 1003 1029 1091 impetranda
1039 1004 1082 1069 de
1092 1006 1219 1093 Spiritu
1232 1005 1357 1068 Sancto
1366 1026 1418 1067 ee·

264 1092 534 1156 lebreturmissa:
550 1113 656 1176 quam,
668 1091 729 1156 sub
739 1091 1148 1178 poenaperjurii,celebret
1159 1113 1248 1156 unus
1260 1112 1303 1155 ex
1311 1091 1420 1154 Sociis

265 1177 308 1241 ad
336 1178 395 1242 hoc
424 1199 483 1263 per
512 1178 682 1242 Decauum
706 1177 757 1241 vel
778 1179 849 1263 ejus
879 1177 1074 1264 deputatum
1103 1178 1301 1264 assignatus.
1347 1175 1420 1240 Cui

266 1264 372 1327 missae
385 1264 544 1344 intersint¹
554 1285 664 1328 omnes
677 1272 804 1350 septem
819 1263 961 1328 maxime
976 1264 1119 1328 seniores
1130 1264 1165 1328 in
1184 1262 1421 1329 Universitate

264 1355 441 1433 praesentes
451 1374 460 1425 ;
485 1350 544 1413 nisi
560 1371 673 1413 eorum
688 1349 806 1431 aliquis
822 1349 917 1434 gravi
934 1350 1127 1414 infirmitate
1151 1350 1196 1413 im
1221 1348 1367 1428 edietur,
1384 1348 1419 1412 in

265 1457 329 1518 quo
342 1457 426 1507 casu,
442 1435 523 1500 alius
540 1436 653 1499 Socios
665 1437 813 1520 proxime
828 1435 936 1498 senior
950 1438 1022 1522 ejus
1037 1435 1192 1523 suppleat
1199 1374 1278 1498 locu
1285 1457 1325 1498 m.
1375 1435 1420 1499 Et

265 1523 451 1607 quicunque
473 1541 515 1584 ex
537 1521 601 1583 illis
619 1533 746 1606 septem
773 1520 911 1584 maxime
934 1522 1116 1586 senioribus
1139 1520 1190 1585 illi
1213 1522 1323 1584 missae
1350 1543 1419 1584 non

264 1606 460 1678 interfuerit,
484 1605 642 1692 suffragio
665 1629 724 1669 suo
746 1627 806 1691 pro
828 1605 887 1668 illa
909 1607 979 1671 vice
993 1614 1112 1681 eareat,
1135 1615 1170 1672 et
1193 1629 1251 1692 pro
1276 1607 1422 1672 absente

265 1690 421 1778 usquead
433 1693 623 1778 completam
638 1692 827 1756 electionem
837 1692 870 1754 in
880 1693 1033 1756 omnibus
1043 1701 1224 1780 reputetur.
1272 1693 1423 1771 Deinde,

266 1777 359 1842 finite
374 1778 483 1853 missa,
508 1778 724 1862 praesentibus
740 1777 844 1841 solum
861 1786 986 1864 septem
1006 1781 1147 1844 maxime
1162 1779 1360 1860 senioribus,
1376 1778 1423 1844 ad

266 1863 457 1928 electionem
489 1863 697 1928 Praesidentis
731 1864 844 1927 statim
881 1864 1077 1948 procedatur
1113 1866 1178 1930 sub
1207 1865 1270 1929 hac
1300 1864 1420 1931 forma.

264 1947 438 2030 Videlicet,
474 1950 556 2014 rimo
567 1952 627 2014 hoc
639 1956 794 2014 statutum
810 1971 878 2014 una
888 1972 960 2014 cum
972 1953 1124 2036 proximo
1134 1951 1352 2039 praecedente
1360 1975 1423 2038 per

266 1973 577 2124 Vicepraesidbntem
607 2044 675 2115 aut,
695 2058 733 2099 eo
760 2036 896 2099 absente
918 2036 969 2100 rel
992 2037 1141 2123 legitime
1163 2038 1337 2124 impedito,
1361 2060 1423 2124 per

264 2121 394 2188 Socium
404 2124 546 2188 maxime
558 2123 716 2186 seniorem
727 2133 805 2185 tunc
814 2122 848 2184 in
864 2121 1086 2187 Universitate
1094 2135 1295 2225 praesentem
1305 2124 1421 2210 palam

266 2217 300 2274 et
314 2210 445 2294 publice
459 2209 659 2294 perlegatur.
705 2208 890 2292 Statimque
912 2216 990 2293 post
1010 2209 1202 2274 electionem
1226 2222 1357 2297 septem
1373 2211 1422 2274 illi

265 2296 407 2360 seniores
423 2295 593 2379 jurabunt,
611 2314 723 2358 omnes
747 2302 780 2357 et
795 2292 928 2377 singuli,
945 2294 1042 2359 tactis
1062 2317 1123 2382 per
1144 2296 1232 2383 ipsos
1253 2305 1421 2363 eteorum

264 2381 446 2465 quemlibet
470 2380 681 2444 sacrosanctis
696 2378 761 2441 Dei
786 2378 994 2464 Evangeliis;
1020 2381 1093 2455 viz,
1116 2406 1176 2447 sex
1198 2406 1308 2449 coram
1325 2384 1422 2449 Vice-

265 2466 474 2565 praesidente,
500 2466 558 2545 vel,
582 2486 621 2529 eo
636 2465 780 2536 absente,
803 2486 909 2529 coram
934 2466 1026 2530 Socio
1049 2469 1191 2533 maxime
1216 2472 1361 2551 seniore,
1385 2481 1423 2537 et

265 2549 610 2638 rpseVicepraesidens,
620 2560 688 2621 aut,
698 2570 737 2614 eo
749 2549 897 2619 absente,
906 2551 1020 2616 Socius
1028 2555 1170 2619 maxime
1179 2558 1302 2636 senior,
1309 2580 1422 2624 eoram

265 2639 412 2723 proxime
422 2639 485 2701 sibi
494 2637 639 2713 seniore;
651 2634 750 2722 quod,
759 2637 948 2722 postpositis
957 2640 1150 2704 omnimodis
1161 2663 1284 2714 amore,
1296 2643 1422 2717 favore,

265 2722 401 2795 invidia,
424 2723 511 2796 odio,
537 2722 660 2796 timore,
686 2722 870 2806 acceptione
897 2742 1112 2807 personarum
1142 2736 1202 2792 aut
1227 2730 1359 2813 patriae,
1386 2741 1423 2797 et

265 2809 474 2894 partialitate,
490 2806 659 2872 affectione
674 2808 975 2891 consanguinitatis,
998 2810 1177 2885 affinitatis,
1192 2814 1375 2891 facultatis,
1389 2825 1423 2881 et

251 2895 428 2958 'occasione
447 2915 637 2979 quacunque
656 2902 713 2957 aut
727 2894 845 2979 precis,
860 2901 933 2957 aut
957 2896 1041 2975 retii,
1057 2919 1129 2961 cum
1146 2900 1231 2963 omni
1246 2901 1422 2967 celeritate

265 3004 330 3065 qua
342 2989 511 3069 poterunt,
523 2979 684 3052 distincte,
700 3000 851 3063 expresse
866 2989 898 3043 et
911 2915 1070 3052 absolute,
1080 2986 1302 3051 nominabunt
1315 3009 1423 3053 uuum

264 3067 320 3151 qui
336 3075 397 3139 est,
408 3068 461 3133 vel
476 3068 595 3132 saltem
608 3066 680 3138 fnit,
694 3065 806 3130 Soeius
821 3064 903 3129 dicti
916 3068 1018 3131 nostri
1033 3067 1183 3157 Collegii,
1199 3082 1235 3137 et
1250 3096 1294 3137 ex
1309 3078 1423 3140 causis

265 3154 358 3218 licitis
385 3162 419 3219 et
441 3154 586 3218 honestis
611 3174 654 3218 ex
675 3174 714 3216 eo
738 3152 915 3225 recesserit,
939 3174 1036 3234 quem
1057 3155 1091 3217 in
1115 3157 1186 3220 suis
1207 3163 1422 3226 conscientiis

264 3242 369 3327 magis
383 3240 548 3313 idoneum,
561 3239 771 3325 sagaciorem,
787 3236 1018 3311 discretiorem,
1034 3242 1195 3307 utiliorem
1212 3245 1256 3309 ad
1271 3248 1422 3313 subeun-

265 3326 354 3406 dum,
370 3326 562 3413 gerendum,
578 3323 807 3402 exercendum,
818 3322 1028 3388 Praesideutis
1043 3326 1182 3392 officium
1200 3337 1422 3417 speraverint,
1492 3389 1493 3394 ,

265 3421 299 3477 ot
316 3435 416 3495 quem
433 3414 567 3478 firmiter
581 3408 780 3476 crediderint
804 3408 848 3472 ad
869 3409 993 3475 bonum
1008 3420 1042 3475 et
1057 3413 1191 3479 salubre
1205 3419 1363 3504 regimen
1387 3432 1423 3486 et
1491 3480 1493 3504 ,

265 3500 460 3585 diligentem
476 3518 586 3562 curam
600 3497 702 3583 ipsius
724 3494 877 3579 Collegii,
900 3516 1121 3582 personarum,
1144 3509 1360 3581 statutorum,
1387 3531 1424 3573 ae
1491 3512 1492 3518 ’

265 3585 423 3649 honorum
439 3582 586 3665 eiusdem
607 3602 879 3665 quorumeunque,
904 3589 937 3644 et
950 3580 993 3644 ad
1008 3589 1167 3649 terrarum
1183 3596 1217 3651 et
1231 3596 1423 3675 possessio·

265 3692 346 3736 num
362 3670 578 3756 spiritualium
595 3678 629 3731 et
643 3667 880 3752 temporalium,
897 3676 929 3729 et
946 3668 1071 3753 jurium
1086 3671 1236 3757 ejusdem
1248 3698 1423 3744 conserva·

167 3806 172 3817 .
264 3758 399 3835 tionem,
428 3755 502 3841 plus
537 3776 635 3841 posse
661 3753 815 3841 proficere
843 3760 878 3815 et
907 3752 1001 3817 velle.
1046 3756 1122 3828 Quo
1151 3764 1348 3843 juramento
1379 3768 1424 3831 ab

264 3843 416 3909 omnibus
431 3852 465 3907 et
480 3841 618 3928 singulis
635 3847 761 3926 septem
777 3838 939 3926 praestito,
964 3840 1078 3903 statim
1094 3841 1138 3906 ad
1154 3848 1423 3917 nominationem

262 3928 459 4021 procedatur
473 3930 533 3994 hoc
544 3926 658 3993 ordine
674 3934 708 3991 et
723 3925 837 3991 forma.
884 3924 993 3988 Primo
1005 3925 1071 3990 duo
1081 3928 1166 3993 Socii
1179 3934 1332 3999 omnium
1345 3950 1425 4004 tunc

261 4017 474 4109 praesentium
488 4017 626 4081 maxime
641 4013 795 4085 seniores,
818 4034 898 4097 quos
914 4019 1109 4077 scrutatores
1131 4016 1165 4078 in
1181 4015 1244 4082 hac
1256 4020 1426 4092 electione

262 4106 517 4175 essevolumus,
541 4105 574 4167 in
598 4102 728 4168 duabus
752 4099 890 4164 scedulis
913 4098 954 4161 ad
979 4098 1040 4162 lroc
1062 4102 1197 4186 paratis,
1222 4110 1364 4174 seorsim
1390 4121 1426 4179 et

262 4194 333 4257 siue
349 4192 483 4256 alterius
505 4190 640 4254 consilio
658 4194 717 4252 aut
741 4186 868 4265 notitia,
885 4186 1028 4248 scribent
1049 4207 1109 4249 sua
1123 4191 1258 4254 nonriua
1282 4201 1426 4285 propria

263 4287 298 4344 et
312 4298 428 4342 nomen
445 4284 516 4364 ejus
531 4297 624 4359 quem
640 4275 773 4359 eligent.
813 4268 953 4347 Deinde,
969 4271 1085 4354 reliqui
1099 4273 1245 4357 quinque
1261 4284 1424 4365 seniores,

262 4364 414 4451 privatim
428 4373 462 4427 et
476 4369 607 4438 secrete,
624 4363 659 4425 in
675 4360 812 4424 alterius
835 4358 1023 4420 scrutatoris
1038 4357 1170 4423 scedula
1184 4362 1302 4429 eodem
1321 4373 1426 4437 modo

263 4457 297 4513 et
312 4449 423 4517 ordine
438 4448 581 4511 scribant
597 4469 658 4511 sua
667 4453 744 4509 vota
754 4453 788 4509 et
797 4441 962 4527 suffragia.
988 4443 1133 4516 Proviso,
1142 4455 1179 4509 ut
1188 4469 1298 4532 neque
1312 4454 1351 4521 in
1363 4458 1427 4525 hac
