3000 4700
264 167 305 232 16
466 168 600 234 Stctrrtes
614 170 653 253 os
667 167 784 252 Corpus
802 165 922 232 Christi
938 166 1064 250 Callope,
1085 166 1214 249 Orsord.

261 333 296 397 in
307 333 431 396 virtute
441 331 628 417 juramenti,
643 337 815 418 postquam
832 331 867 393 id
882 330 1025 394 muneris
1040 330 1228 414 susceperit,
1239 327 1429 413 diligenter
1495 326 1496 329 ’

263 428 298 483 et
320 416 464 482 fideliter
486 417 637 505 supplere
660 425 818 481 teneatur.
865 414 904 478 lu
926 416 1069 503 negotiis
1092 423 1205 479 autem
1232 422 1267 478 et
1291 413 1427 478 caeteris

263 526 337 588 quae
352 502 396 568 ad
415 525 522 568 mores
546 511 580 568 et
604 502 714 567 literas
736 503 891 581 attinent,
908 525 944 565 ac
969 502 1068 566 etiam
1084 501 1341 567 correctionibus
1362 521 1427 584 pro

263 589 439 653 levioribus
458 589 593 668 delictis,
609 588 736 652 Decani
760 588 945 674 theologiae,
959 609 1056 671 quem
1071 587 1215 653 eundem
1231 586 1427 672 Vicepraesi-

264 675 395 739 dentem
411 697 482 740 esse
498 675 707 752 decrevimus,
725 675 872 740 absentis
886 675 972 738 vices
982 672 1134 760 suppleat
1150 675 1263 738 Soeius
1276 672 1427 737 maxime

265 762 374 826 senior
383 777 459 826 tunc
473 763 506 825 in
518 761 746 826 Universitate
757 782 914 846 praesens,
929 781 996 824 nou
1012 761 1185 824 officiarius
1200 781 1260 823 uec
1274 758 1427 822 officiarii

265 849 366 912 vicem
388 869 524 934 gerens:
550 849 754 912 Decanorum
775 869 850 911 vero
865 846 982 910 artium
1007 846 1191 911 absentium
1208 844 1267 911 alii
1286 847 1323 908 in
1339 845 1423 908 arti·

267 935 327 998 bus
351 934 519 1020 Magistri,
547 957 612 998 nou
638 934 793 998 officiarii.
840 932 879 997 In
901 932 1080 1019 majoribus
1105 941 1214 998 autem
1229 931 1426 996 criminibus

269 1023 427 1100 Decanus,
443 1021 493 1084 vel
510 1021 625 1086 saltem
641 1041 753 1084 eorum
768 1019 917 1097 alterum,
932 1019 1099 1104 expectari
1113 1020 1273 1084 volumus.

442 1163 525 1251 Cap.
541 1165 573 1231 8.
598 1167 651 1230 De
663 1167 812 1250 qualitate
825 1149 1081 1249 Depenatorum
1094 1174 1124 1228 et
1136 1165 1240 1250 efficto.

103 1289 140 1334 Of
148 1287 189 1334 the
199 1291 247 1332 two
312 1275 493 1340 Proventus
516 1282 551 1340 et
565 1273 724 1352 redditus,
746 1274 878 1338 tametsi
898 1272 1052 1358 grandes,
1070 1272 1135 1336 nisi
1149 1271 1292 1337 fideliter
1306 1271 1427 1354 recipi-

104 1348 215 1394 Bursam.
267 1370 478 1442 autur,caute
491 1370 730 1433 conserventur,
748 1360 926 1446 prudenter
936 1357 1172 1446 expendantur,
1185 1359 1239 1422 vix
1257 1357 1428 1421 sufficiant

266 1449 435 1533 paucitati,
451 1456 573 1530 quanto
601 1447 708 1510 minus
737 1445 961 1510 multitudini!
1005 1444 1171 1523 Quocirca,
1192 1444 1368 1508 statuimus
1391 1452 1427 1507 et

268 1535 471 1598 decernimus
486 1543 533 1613 ut,
550 1533 592 1596 de
616 1533 718 1597 Sociis
745 1534 852 1597 nostri
875 1531 1027 1618 Collegii,
1043 1553 1103 1630 per
1130 1529 1369 1595 Praesidentem
1392 1538 1428 1594 et

268 1628 392 1706 septem
407 1619 516 1683 Socios
532 1619 672 1682 maxime
690 1619 834 1682 seniores
849 1628 925 1682 tuuc
939 1618 974 1680 iu
992 1617 1219 1682 Universitate
1233 1624 1426 1716 praesentes,

268 1705 433 1790 eligantur
452 1713 486 1768 et
505 1713 719 1778 assumantur,
735 1704 910 1768 secundum
933 1703 1067 1767 modum
1093 1703 1128 1766 in
1151 1703 1312 1767 electrone
1327 1701 1427 1766 Vice-

268 1790 477 1878 praesidentis
497 1790 706 1876 descriptum,
723 1790 789 1854 duo
806 1790 892 1853 Socii
906 1790 1073 1874 Magistri,
1089 1790 1244 1876 aptiores,
1261 1788 1428 1855 fideliores

158 1886 165 1929 i
270 1888 303 1942 et
335 1877 440 1964 magis
465 1877 695 1965 circumspecti,
720 1877 776 1960 qui
799 1876 1054 1961 Dispensatores
1080 1884 1246 1939 vocentur.
1292 1875 1427 1939 Horum

270 1965 335 2028 erit
346 1963 482 2029 officium
497 1963 645 2027 redditus
661 1973 695 2026 et
708 1970 884 2050 proventus
896 1963 1070 2040 firmarum,
1082 1961 1311 2039 maneriorum,
1325 1961 1427 2025 bene·

271 2050 428 2130 liciorum,
445 2058 614 2128 terrarum,
631 2049 885 2135 possessionum,
902 2071 961 2132 per
976 2049 1080 2110 visum
1095 2058 1216 2112 etcum
1236 2048 1428 2110 testimonio

274 2134 485 2200 Praesidentis
496 2135 550 2200 vel
563 2135 853 2220 Vicepraesidentis
869 2144 925 2198 aut
942 2134 970 2217 (i
995 2133 1040 2196 sis
1055 2142 1149 2198 extra
1161 2133 1426 2198 Universitatem

271 2224 456 2308 agentibus)
484 2220 617 2286 alicu’us
642 2242 755 2284 eorum
780 2156 999 2306 deputatidb
1022 2220 1165 2299 ballivis,
1190 2219 1425 2307 receptoribus,

270 2307 541 2393 procuratoribus,
555 2245 716 2387 drmariis,
729 2307 925 2393 praepositis,
937 2306 1043 2391 ipsius
1057 2305 1212 2392 collegii,
1226 2315 1282 2370 aut
1292 2305 1336 2371 de
1351 2306 1426 2370 aliis

270 2394 510 2476 quibuscunque
520 2392 725 2457 debitoribus
734 2401 791 2458 aut
805 2391 984 2471 datoribus,
999 2394 1151 2480 recipere,
1167 2414 1227 2479 per
1234 2391 1426 2457 indenturas

272 2481 357 2542 inter
385 2477 488 2544 dictos
518 2477 773 2566 Dispensatores
801 2493 834 2545 et
861 2477 1046 2562 hujusmodi
1083 2500 1226 2543 summas
1260 2479 1427 2543 solventes

108 2566 240 2612 Inuennre
272 2563 445 2629 iaciendas.
484 2564 810 2651 Sintpraetereaduae
824 2565 1154 2650 magna-indenturae
1167 2565 1200 2628 in
1215 2566 1428 2642 membranis,

105 2625 412 2733 ofaccouuts‘quarum
436 2650 572 2714 alteram
595 2652 714 2716 habeat
737 2651 923 2716 Praesidens
946 2658 980 2715 et
1005 2650 1037 2714 in
1059 2654 1130 2738 ejus
1156 2652 1305 2715 absentia
1326 2652 1426 2717 Vice-

272 2736 461 2822 praesidens‚
476 2735 612 2801 alteram
636 2760 712 2801 vero
729 2738 897 2824 Dispensa
912 2737 1083 2824 toresipsi3
1105 2739 1138 2801 in
1153 2738 1279 2822 quibus,
1294 2739 1330 2802 iu
1344 2761 1426 2825 prae-

272 2822 378 2885 sentia
391 2821 595 2887 Praesidentis
609 2833 643 2887 et
656 2826 753 2887 unius
763 2823 897 2898 Decani,
912 2823 963 2887 vel
978 2822 1265 2911 Vicepraesidentis
1279 2834 1314 2890 et
1328 2827 1425 2889 unius

275 2908 407 2981 Decani,
433 2907 487 2973 vel
508 2908 784 2995 Vicepraesidente
806 2918 863 2973 aut
888 2910 1030 2974 Decanis
1053 2912 1095 2975 ab
1119 2912 1343 2976 Universitate
1366 2912 1423 2975 ab·

273 2994 421 3059 sentibus
437 3016 548 3060 eorum
563 2995 804 3081 deputatorum,
820 2994 1001 3060 scribantur
1016 3019 1147 3061 summae
1169 3000 1313 3059 omnium
1338 2999 1424 3061 solu·

273 3084 397 3145 tionum
421 3089 625 3168 receptarum
641 3081 681 3146 de
694 3082 863 3167 praedictis
884 3102 944 3166 per
963 3083 1142 3168 praedictos
1158 3082 1422 3169 Dispensatores.

276 3166 329 3231 lta
339 3174 461 3240 tamen,
475 3169 560 3231 utin
575 3168 633 3231 illa
649 3168 831 3248 indentura,
846 3190 916 3251 quae
933 3190 1064 3233 manere
1079 3168 1179 3233 debet
1195 3168 1286 3254 apud
1303 3168 1423 3233 Praesi-

273 3253 407 3318 dentem
432 3254 484 3318 vel
504 3252 824 3339 Vicepraesidentem,
839 3274 933 3319 nemo
962 3255 1139 3340 quidquam
1163 3256 1282 3319 scribat
1306 3263 1424 3341 praeter

276 3340 539 3425 Dispensatores,
555 3348 611 3404 aut
627 3341 758 3404 alicu'us
773 3338 962 3419 eorundem,
977 3342 1059 3427 ipsis
1073 3341 1115 3405 ab
1130 3341 1355 3407 Universitate
1370 3346 1424 3406 ab

274 3425 432 3503 sentibuS,
449 3446 509 3511 pro
529 3432 675 3512 tempore
691 3362 892 3511 deputatum.
937 3425 977 3489 Iu
991 3428 1094 3492 altera
1108 3448 1185 3491 vero
1200 3427 1288 3491 solus
1303 3428 1422 3493 Praesi-

274 3510 369 3583 dens,
384 3509 654 3595 Vicepraesidens,
673 3512 840 3590 Decanus,
855 3511 906 3575 vel
929 3512 1062 3597 alicujus
1076 3514 1222 3593 istorum,
1236 3514 1310 3601 ipso
1329 3526 1424 3580 extra

278 3596 531 3659 Universitatem
556 3596 708 3682 degente,
732 3596 918 3684 deputatus.
963 3600 1051 3673 Quas
1073 3602 1276 3685 receptiones
1295 3604 1422 3686 pecuni-

187 3714 205 3761 y
276 3703 367 3744 arum
388 3692 419 3743 et
442 3682 617 3747 solutiones
629 3683 772 3747 volumus
793 3684 865 3747 fieri
887 3706 1016 3771 semper
1031 3687 1061 3747 in
1077 3685 1277 3749 thesaurario
1299 3696 1336 3751 et
1357 3710 1420 3751 uon

276 3766 354 3831 alibi
363 3791 374 3843 3
396 3767 507 3851 inquo
523 3768 565 3831 sit
587 3792 652 3833 una
674 3768 757 3834 cista
770 3771 805 3832 in
821 3791 883 3852 qua
893 3791 931 3833 re
976 3779 1095 3834 uantur
1108 3771 1216 3855 aliqua
1233 3781 1373 3859 recepta,
1389 3782 1422 3839 et

275 3852 334 3918 hoc
347 3875 408 3939 per
422 3854 527 3917 visum
542 3854 749 3919 Praesidentis
765 3860 907 3919 etunius
956 3856 1055 3929 ecam,
1072 3868 1130 3922 aut
1139 3857 1422 3944 Vicepraesidentis

275 3948 309 4004 et
333 3940 428 4004 unius
449 3938 583 4013 Decani,
601 3949 665 4011 aut,
683 3948 722 4004 ut
744 3940 923 4030 praefertur,
943 3964 1052 4007 eorum
1077 3943 1259 4009 absentium
1285 3945 1422 4033 deputa·

276 4036 391 4091 torum.
439 4025 616 4090 Residuum
647 4049 724 4091 vero
749 4036 956 4115 receptorum
981 4028 1023 4093 ad
1048 4030 1164 4093 cistam
1186 4031 1222 4095 in
1246 4034 1328 4096 turri
1353 4058 1420 4118 pro

277 4111 422 4178 ducatur.
469 4114 598 4196 Deque
620 4114 702 4178 cista
723 4114 758 4177 in
775 4115 976 4179 thesaurario
999 4124 1154 4201 poterunt
1170 4118 1422 4203 Dispensatores

276 4207 379 4262 certas
402 4208 437 4263 et
462 4200 671 4264 rationabiles
695 4222 847 4279 summas,
864 4201 906 4263 ad
921 4204 1101 4265 convictum
1118 4204 1281 4268 Sociorum
1297 4213 1332 4268 et
1347 4204 1421 4269 alio-

277 4306 347 4345 rum
368 4284 474 4348 nostri
487 4283 630 4371 collegii
644 4295 678 4351 et
694 4285 775 4350 alias
789 4285 994 4369 quotidianas
1015 4308 1177 4373 expensas
1191 4290 1234 4353 ad
1248 4290 1421 4356 utilitatem

278 4368 420 4454 Collegii
434 4378 468 4434 et
491 4373 719 4438 necessitatem
735 4380 769 4435 et
783 4394 848 4437 uon
864 4371 946 4436 alios
968 4394 1058 4451 usus,
1074 4380 1109 4437 et
1124 4373 1185 4439 hoc
1193 4378 1292 4462 juxta
1305 4375 1423 4443 discre-
