<?xml version="1.0" encoding="UTF-8"?>
<!DOCTYPE html PUBLIC "-//W3C//DTD XHTML 1.0 Transitional//EN"
    "http://www.w3.org/TR/xhtml1/DTD/xhtml1-transitional.dtd">
<html xmlns="http://www.w3.org/1999/xhtml" xml:lang="en" lang="en">
 <head>
  <title>
</title>
<meta http-equiv="Content-Type" content="text/html;charset=utf-8" />
  <meta name='ocr-system' content='tesseract 3.04.00' />
  <meta name='ocr-capabilities' content='ocr_page ocr_carea ocr_par ocr_line ocrx_word'/>
</head>
<body>
  <div class='ocr_page' id='page_1' title='image "./statutescollege02oxfogoog_0100.png"; bbox 0 0 3000 4700; ppageno 0'>
   <div class='ocr_carea' id='block_1_1' title="bbox 291 199 1236 290">
    <p class='ocr_par' dir='ltr' id='par_1_1' title="bbox 291 199 1236 290">
     <span class='ocr_line' id='line_1_1' title="bbox 291 199 1236 290; baseline -0.003 -21"><span class='ocrx_word' id='word_1_1' title='bbox 291 201 426 269; x_wconf 64' lang='lat' dir='ltr'><strong>&amp;aazia</strong></span> <span class='ocrx_word' id='word_1_2' title='bbox 440 204 479 285; x_wconf 78' lang='lat' dir='ltr'><strong>qf</strong></span> <span class='ocrx_word' id='word_1_3' title='bbox 490 200 608 285; x_wconf 77' lang='lat' dir='ltr'><strong>Corpus</strong></span> <span class='ocrx_word' id='word_1_4' title='bbox 626 199 745 266; x_wconf 79' lang='lat' dir='ltr'><strong>Christi</strong></span> <span class='ocrx_word' id='word_1_5' title='bbox 763 202 888 290; x_wconf 72' lang='lat' dir='ltr'><strong>Callope,</strong></span> <span class='ocrx_word' id='word_1_6' title='bbox 909 205 1036 288; x_wconf 74' lang='lat' dir='ltr'><strong>chord.</strong></span> <span class='ocrx_word' id='word_1_7' title='bbox 1193 205 1236 271; x_wconf 84' lang='lat'><strong>75</strong></span> 
     </span>
    </p>
   </div>
   <div class='ocr_carea' id='block_1_2' title="bbox 2 361 1392 3889">
    <p class='ocr_par' dir='ltr' id='par_1_2' title="bbox 26 361 1392 2686">
     <span class='ocr_line' id='line_1_2' title="bbox 86 361 1235 454; baseline 0.008 -30"><span class='ocrx_word' id='word_1_8' title='bbox 86 361 123 425; x_wconf 86' lang='lat' dir='ltr'><strong>si</strong></span> <span class='ocrx_word' id='word_1_9' title='bbox 133 384 195 447; x_wconf 90' lang='lat' dir='ltr'><strong>per</strong></span> <span class='ocrx_word' id='word_1_10' title='bbox 206 374 275 428; x_wconf 89' lang='lat' dir='ltr'><strong>tres</strong></span> <span class='ocrx_word' id='word_1_11' title='bbox 283 364 439 428; x_wconf 88' lang='lat' dir='ltr'><strong>intersint</strong></span> <span class='ocrx_word' id='word_1_12' title='bbox 453 373 487 428; x_wconf 92' lang='lat' dir='ltr'><strong>et</strong></span> <span class='ocrx_word' id='word_1_13' title='bbox 501 374 618 447; x_wconf 87' lang='lat' dir='ltr'><strong>quarto</strong></span> <span class='ocrx_word' id='word_1_14' title='bbox 628 365 680 429; x_wconf 90' lang='lat' dir='ltr'><strong>vel</strong></span> <span class='ocrx_word' id='word_1_15' title='bbox 694 375 810 451; x_wconf 87' lang='lat' dir='ltr'><strong>postea</strong></span> <span class='ocrx_word' id='word_1_16' title='bbox 825 365 1027 447; x_wconf 80' lang='lat' dir='ltr'>decesserint,</span> <span class='ocrx_word' id='word_1_17' title='bbox 1037 389 1097 454; x_wconf 89' lang='lat' dir='ltr'><strong>pro</strong></span> <span class='ocrx_word' id='word_1_18' title='bbox 1107 369 1235 454; x_wconf 83' lang='lat' dir='ltr'><strong>integro</strong></span> 
     </span>
     <span class='ocr_line' id='line_1_3' title="bbox 85 447 1392 540; baseline 0.01 -30"><span class='ocrx_word' id='word_1_19' title='bbox 85 447 266 513; x_wconf 88' lang='lat' dir='ltr'><strong>allocentur</strong></span> <span class='ocrx_word' id='word_1_20' title='bbox 280 451 441 514; x_wconf 85' lang='lat' dir='ltr'><strong>convictu.</strong></span> <span class='ocrx_word' id='word_1_21' title='bbox 468 451 537 513; x_wconf 85' lang='lat' dir='ltr'><strong>Nec</strong></span> <span class='ocrx_word' id='word_1_22' title='bbox 551 472 611 536; x_wconf 91' lang='lat' dir='ltr'><strong>per</strong></span> <span class='ocrx_word' id='word_1_23' title='bbox 624 451 691 516; x_wconf 83' lang='lat' dir='ltr'><strong>haec</strong></span> <span class='ocrx_word' id='word_1_24' title='bbox 705 453 868 536; x_wconf 85' lang='lat' dir='ltr'><strong>praemissa</strong></span> <span class='ocrx_word' id='word_1_25' title='bbox 880 449 1029 518; x_wconf 77' lang='lat' dir='ltr'><strong>volumus</strong></span> <span class='ocrx_word' id='word_1_26' title='bbox 1044 464 1083 518; x_wconf 91' lang='lat' dir='ltr'><strong>ut</strong></span> <span class='ocrx_word' id='word_1_27' title='bbox 1098 455 1235 540; x_wconf 86' lang='lat' dir='ltr'><strong>singulis</strong></span> <span class='ocrx_word' id='word_1_28' title='bbox 1246 475 1392 522; x_wconf 71' lang='lat' dir='ltr'><strong>ammaoni</strong></span> 
     </span>
     <span class='ocr_line' id='line_1_4' title="bbox 87 535 1348 640; baseline 0.006 -43"><span class='ocrx_word' id='word_1_29' title='bbox 87 535 190 598; x_wconf 89' lang='lat' dir='ltr'><strong>Sociis</strong></span> <span class='ocrx_word' id='word_1_30' title='bbox 198 536 253 599; x_wconf 92' lang='lat' dir='ltr'><strong>vel</strong></span> <span class='ocrx_word' id='word_1_31' title='bbox 261 536 462 600; x_wconf 85' lang='lat' dir='ltr'><strong>scholaribus</strong></span> <span class='ocrx_word' id='word_1_32' title='bbox 470 536 672 622; x_wconf 85' lang='lat' dir='ltr'><strong>supradictis</strong></span> <span class='ocrx_word' id='word_1_33' title='bbox 680 538 713 600; x_wconf 91' lang='lat' dir='ltr'><strong>iu</strong></span> <span class='ocrx_word' id='word_1_34' title='bbox 725 538 924 602; x_wconf 84' lang='lat' dir='ltr'><strong>victualibus</strong></span> <span class='ocrx_word' id='word_1_35' title='bbox 932 548 966 603; x_wconf 90' lang='lat' dir='ltr'><strong>et</strong></span> <span class='ocrx_word' id='word_1_36' title='bbox 974 540 1117 604; x_wconf 88' lang='lat' dir='ltr'><strong>obsoniis</strong></span> <span class='ocrx_word' id='word_1_37' title='bbox 1126 563 1232 622; x_wconf 86' lang='lat' dir='ltr'><strong>aequa-</strong></span> <span class='ocrx_word' id='word_1_38' title='bbox 1244 535 1348 640; x_wconf 55' lang='lat' dir='ltr'><strong>ffioffim·</strong></span> 
     </span>
     <span class='ocr_line' id='line_1_5' title="bbox 85 619 1320 707; baseline 0.007 -25"><span class='ocrx_word' id='word_1_39' title='bbox 85 619 163 684; x_wconf 91' lang='lat' dir='ltr'><strong>liter</strong></span> <span class='ocrx_word' id='word_1_40' title='bbox 178 623 351 693; x_wconf 88' lang='lat' dir='ltr'><strong>serviatur,</strong></span> <span class='ocrx_word' id='word_1_41' title='bbox 367 622 444 705; x_wconf 90' lang='lat' dir='ltr'><strong>quia</strong></span> <span class='ocrx_word' id='word_1_42' title='bbox 456 644 522 686; x_wconf 91' lang='lat' dir='ltr'><strong>non</strong></span> <span class='ocrx_word' id='word_1_43' title='bbox 535 645 645 686; x_wconf 79' lang='lat' dir='ltr'><strong>omnes</strong></span> <span class='ocrx_word' id='word_1_44' title='bbox 660 637 756 687; x_wconf 86' lang='lat' dir='ltr'><strong>erunt</strong></span> <span class='ocrx_word' id='word_1_45' title='bbox 770 625 901 707; x_wconf 86' lang='lat' dir='ltr'><strong>aequalis</strong></span> <span class='ocrx_word' id='word_1_46' title='bbox 952 625 1044 702; x_wconf 88' lang='lat' dir='ltr'><strong>adus,</strong></span> <span class='ocrx_word' id='word_1_47' title='bbox 1061 626 1183 690; x_wconf 88' lang='lat' dir='ltr'><strong>laboris</strong></span> <span class='ocrx_word' id='word_1_48' title='bbox 1199 638 1233 691; x_wconf 85' lang='lat' dir='ltr'><strong>et</strong></span> <span class='ocrx_word' id='word_1_49' title='bbox 1314 627 1320 640; x_wconf 83' lang='lat'>&#39;</span> 
     </span>
     <span class='ocr_line' id='line_1_6' title="bbox 85 649 1231 777; baseline 0.007 -8"><span class='ocrx_word' id='word_1_50' title='bbox 85 707 213 772; x_wconf 88' lang='lat' dir='ltr'><strong>meriti:</strong></span> <span class='ocrx_word' id='word_1_51' title='bbox 226 708 283 772; x_wconf 87' lang='lat' dir='ltr'><strong>sed</strong></span> <span class='ocrx_word' id='word_1_52' title='bbox 293 708 448 772; x_wconf 89' lang='lat' dir='ltr'><strong>volumus</strong></span> <span class='ocrx_word' id='word_1_53' title='bbox 457 718 497 772; x_wconf 91' lang='lat' dir='ltr'><strong>ut</strong></span> <span class='ocrx_word' id='word_1_54' title='bbox 506 709 670 772; x_wconf 84' lang='lat' dir='ltr'><strong>serviatur</strong></span> <span class='ocrx_word' id='word_1_55' title='bbox 679 708 793 774; x_wconf 87' lang='lat' dir='ltr'><strong>iisdem</strong></span> <span class='ocrx_word' id='word_1_56' title='bbox 806 649 980 776; x_wconf 71' lang='lat' dir='ltr'><strong>secundiim</strong></span> <span class='ocrx_word' id='word_1_57' title='bbox 992 711 1231 777; x_wconf 83' lang='lat' dir='ltr'>ordinationem</span> 
     </span>
     <span class='ocr_line' id='line_1_7' title="bbox 85 792 1231 883; baseline 0.004 -28"><span class='ocrx_word' id='word_1_58' title='bbox 85 801 119 855; x_wconf 84' lang='lat' dir='ltr'><strong>et</strong></span> <span class='ocrx_word' id='word_1_59' title='bbox 127 792 355 857; x_wconf 83' lang='lat' dir='ltr'><strong>discretionem</strong></span> <span class='ocrx_word' id='word_1_60' title='bbox 367 793 661 880; x_wconf 79' lang='lat' dir='ltr'><strong>Vicepraesidentis,</strong></span> <span class='ocrx_word' id='word_1_61' title='bbox 677 794 882 858; x_wconf 86' lang='lat' dir='ltr'><strong>Decanorum</strong></span> <span class='ocrx_word' id='word_1_62' title='bbox 899 807 933 860; x_wconf 87' lang='lat' dir='ltr'><strong>et</strong></span> <span class='ocrx_word' id='word_1_63' title='bbox 948 797 1231 883; x_wconf 86' lang='lat' dir='ltr'><strong>Dispensatorum,</strong></span> 
     </span>
     <span class='ocr_line' id='line_1_8' title="bbox 86 876 1233 968; baseline 0.004 -27"><span class='ocrx_word' id='word_1_64' title='bbox 86 876 200 943; x_wconf 84' lang='lat' dir='ltr'><strong>habito</strong></span> <span class='ocrx_word' id='word_1_65' title='bbox 216 889 368 965; x_wconf 88' lang='lat' dir='ltr'><strong>respectu</strong></span> <span class='ocrx_word' id='word_1_66' title='bbox 389 879 433 943; x_wconf 90' lang='lat' dir='ltr'><strong>ad</strong></span> <span class='ocrx_word' id='word_1_67' title='bbox 446 880 571 957; x_wconf 82' lang='lat' dir='ltr'><strong>merita,</strong></span> <span class='ocrx_word' id='word_1_68' title='bbox 588 879 712 964; x_wconf 68' lang='lat' dir='ltr'><strong>gradus</strong></span> <span class='ocrx_word' id='word_1_69' title='bbox 735 890 771 944; x_wconf 92' lang='lat' dir='ltr'><strong>et</strong></span> <span class='ocrx_word' id='word_1_70' title='bbox 796 890 912 958; x_wconf 88' lang='lat' dir='ltr'><strong>status,</strong></span> <span class='ocrx_word' id='word_1_71' title='bbox 937 881 1144 947; x_wconf 85' lang='lat' dir='ltr'><strong>Praesidentis</strong></span> <span class='ocrx_word' id='word_1_72' title='bbox 1166 883 1233 968; x_wconf 85' lang='lat' dir='ltr'><strong>(cui</strong></span> 
     </span>
     <span class='ocr_line' id='line_1_9' title="bbox 85 964 1232 1054; baseline 0.003 -27"><span class='ocrx_word' id='word_1_73' title='bbox 85 964 242 1046; x_wconf 75' lang='lat' dir='ltr'><strong>aqualem</strong></span> <span class='ocrx_word' id='word_1_74' title='bbox 272 989 345 1029; x_wconf 91' lang='lat' dir='ltr'><strong>cum</strong></span> <span class='ocrx_word' id='word_1_75' title='bbox 376 965 508 1029; x_wconf 91' lang='lat' dir='ltr'><strong>duobus</strong></span> <span class='ocrx_word' id='word_1_76' title='bbox 537 966 640 1030; x_wconf 85' lang='lat' dir='ltr'><strong>Sociis</strong></span> <span class='ocrx_word' id='word_1_77' title='bbox 669 967 849 1030; x_wconf 88' lang='lat' dir='ltr'><strong>convictum</strong></span> <span class='ocrx_word' id='word_1_78' title='bbox 880 989 1009 1054; x_wconf 88' lang='lat' dir='ltr'>semper</span> <span class='ocrx_word' id='word_1_79' title='bbox 1039 968 1232 1053; x_wconf 88' lang='lat' dir='ltr'><strong>allocamus)</strong></span> 
     </span>
     <span class='ocr_line' id='line_1_10' title="bbox 86 1050 1233 1138; baseline 0.005 -26"><span class='ocrx_word' id='word_1_80' title='bbox 86 1052 255 1114; x_wconf 86' lang='lat' dir='ltr'><strong>Sociorum</strong></span> <span class='ocrx_word' id='word_1_81' title='bbox 271 1061 305 1115; x_wconf 92' lang='lat' dir='ltr'><strong>et</strong></span> <span class='ocrx_word' id='word_1_82' title='bbox 320 1050 528 1129; x_wconf 86' lang='lat' dir='ltr'><strong>scholarium,</strong></span> <span class='ocrx_word' id='word_1_83' title='bbox 544 1052 733 1133; x_wconf 79' lang='lat' dir='ltr'><strong>aequalitate</strong></span> <span class='ocrx_word' id='word_1_84' title='bbox 748 1052 949 1117; x_wconf 88' lang='lat' dir='ltr'><strong>allocationis</strong></span> <span class='ocrx_word' id='word_1_85' title='bbox 963 1075 1024 1138; x_wconf 90' lang='lat' dir='ltr'><strong>pro</strong></span> <span class='ocrx_word' id='word_1_86' title='bbox 1038 1055 1233 1118; x_wconf 89' lang='lat' dir='ltr'><strong>communiis</strong></span> 
     </span>
     <span class='ocr_line' id='line_1_11' title="bbox 84 1137 1230 1225; baseline 0.004 -27"><span class='ocrx_word' id='word_1_87' title='bbox 84 1158 145 1221; x_wconf 88' lang='lat' dir='ltr'><strong>per</strong></span> <span class='ocrx_word' id='word_1_88' title='bbox 168 1159 227 1200; x_wconf 86' lang='lat' dir='ltr'><strong>nos</strong></span> <span class='ocrx_word' id='word_1_89' title='bbox 249 1141 399 1221; x_wconf 86' lang='lat' dir='ltr'><strong>superius</strong></span> <span class='ocrx_word' id='word_1_90' title='bbox 412 1137 565 1202; x_wconf 87' lang='lat' dir='ltr'><strong>ordinata</strong></span> <span class='ocrx_word' id='word_1_91' title='bbox 586 1160 650 1202; x_wconf 91' lang='lat' dir='ltr'><strong>non</strong></span> <span class='ocrx_word' id='word_1_92' title='bbox 671 1139 831 1202; x_wconf 88' lang='lat' dir='ltr'><strong>obstante.</strong></span> <span class='ocrx_word' id='word_1_93' title='bbox 876 1141 909 1202; x_wconf 95' lang='lat' dir='ltr'>N</span> <span class='ocrx_word' id='word_1_94' title='bbox 913 1139 1046 1217; x_wconf 66' lang='lat' dir='ltr'><strong>olentes</strong></span> <span class='ocrx_word' id='word_1_95' title='bbox 1064 1150 1230 1225; x_wconf 84' lang='lat' dir='ltr'><strong>praeterea,</strong></span> 
     </span>
     <span class='ocr_line' id='line_1_12' title="bbox 83 1221 1231 1303; baseline 0.004 -18"><span class='ocrx_word' id='word_1_96' title='bbox 83 1221 174 1303; x_wconf 91' lang='lat' dir='ltr'><strong>quod</strong></span> <span class='ocrx_word' id='word_1_97' title='bbox 197 1227 361 1289; x_wconf 81' lang='lat' dir='ltr'><strong>occasione</strong></span> <span class='ocrx_word' id='word_1_98' title='bbox 382 1223 638 1287; x_wconf 75' lang='lat' dir='ltr'><strong>communierum</strong></span> <span class='ocrx_word' id='word_1_99' title='bbox 661 1234 720 1288; x_wconf 88' lang='lat' dir='ltr'><strong>aut</strong></span> <span class='ocrx_word' id='word_1_100' title='bbox 740 1223 1029 1290; x_wconf 88' lang='lat' dir='ltr'><strong>administrationis</strong></span> <span class='ocrx_word' id='word_1_101' title='bbox 1053 1225 1231 1290; x_wconf 90' lang='lat' dir='ltr'><strong>earundem</strong></span> 
     </span>
     <span class='ocr_line' id='line_1_13' title="bbox 83 1307 1231 1396; baseline 0.005 -26"><span class='ocrx_word' id='word_1_102' title='bbox 83 1307 196 1390; x_wconf 90' lang='lat' dir='ltr'><strong>aliqua</strong></span> <span class='ocrx_word' id='word_1_103' title='bbox 211 1309 296 1373; x_wconf 89' lang='lat' dir='ltr'><strong>inter</strong></span> <span class='ocrx_word' id='word_1_104' title='bbox 314 1308 441 1373; x_wconf 84' lang='lat' dir='ltr'><strong>eosdem</strong></span> <span class='ocrx_word' id='word_1_105' title='bbox 455 1310 512 1372; x_wconf 91' lang='lat' dir='ltr'><strong>fiat</strong></span> <span class='ocrx_word' id='word_1_106' title='bbox 526 1310 751 1388; x_wconf 84' lang='lat' dir='ltr'><strong>murmuratio,</strong></span> <span class='ocrx_word' id='word_1_107' title='bbox 767 1310 823 1378; x_wconf 88' lang='lat' dir='ltr'><strong>sed</strong></span> <span class='ocrx_word' id='word_1_108' title='bbox 843 1332 953 1375; x_wconf 88' lang='lat' dir='ltr'><strong>omnes</strong></span> <span class='ocrx_word' id='word_1_109' title='bbox 967 1333 1040 1374; x_wconf 89' lang='lat' dir='ltr'><strong>cum</strong></span> <span class='ocrx_word' id='word_1_110' title='bbox 1062 1313 1231 1396; x_wconf 89' lang='lat' dir='ltr'><strong>appositis,</strong></span> 
     </span>
     <span class='ocr_line' id='line_1_14' title="bbox 83 1395 1231 1482; baseline 0.004 -26"><span class='ocrx_word' id='word_1_111' title='bbox 83 1404 117 1457; x_wconf 89' lang='lat' dir='ltr'><strong>et</strong></span> <span class='ocrx_word' id='word_1_112' title='bbox 132 1395 311 1459; x_wconf 90' lang='lat' dir='ltr'><strong>secundum</strong></span> <span class='ocrx_word' id='word_1_113' title='bbox 325 1395 558 1481; x_wconf 79' lang='lat' dir='ltr'><strong>praedictorum</strong></span> <span class='ocrx_word' id='word_1_114' title='bbox 575 1395 630 1459; x_wconf 90' lang='lat' dir='ltr'><strong>vel</strong></span> <span class='ocrx_word' id='word_1_115' title='bbox 652 1397 784 1482; x_wconf 89' lang='lat' dir='ltr'><strong>majoris</strong></span> <span class='ocrx_word' id='word_1_116' title='bbox 797 1397 902 1480; x_wconf 90' lang='lat' dir='ltr'><strong>partis</strong></span> <span class='ocrx_word' id='word_1_117' title='bbox 917 1396 1093 1462; x_wconf 87' lang='lat' dir='ltr'><strong>eorundem</strong></span> <span class='ocrx_word' id='word_1_118' title='bbox 1110 1397 1231 1462; x_wconf 86' lang='lat' dir='ltr'><strong>discre-</strong></span> 
     </span>
     <span class='ocr_line' id='line_1_15' title="bbox 86 1480 1232 1562; baseline 0.003 -19"><span class='ocrx_word' id='word_1_119' title='bbox 86 1480 208 1544; x_wconf 87' lang='lat' dir='ltr'><strong>tionem</strong></span> <span class='ocrx_word' id='word_1_120' title='bbox 224 1480 473 1555; x_wconf 88' lang='lat' dir='ltr'><strong>administratis,</strong></span> <span class='ocrx_word' id='word_1_121' title='bbox 486 1481 615 1562; x_wconf 90' lang='lat' dir='ltr'><strong>quietos</strong></span> <span class='ocrx_word' id='word_1_122' title='bbox 627 1492 662 1544; x_wconf 91' lang='lat' dir='ltr'><strong>et</strong></span> <span class='ocrx_word' id='word_1_123' title='bbox 670 1491 840 1546; x_wconf 89' lang='lat' dir='ltr'><strong>contentos</strong></span> <span class='ocrx_word' id='word_1_124' title='bbox 852 1492 921 1546; x_wconf 79' lang='lat' dir='ltr'><strong>&#39;esse</strong></span> <span class='ocrx_word' id='word_1_125' title='bbox 930 1482 1089 1547; x_wconf 87' lang='lat' dir='ltr'><strong>volumus.</strong></span> <span class='ocrx_word' id='word_1_126' title='bbox 1135 1484 1232 1560; x_wconf 83' lang='lat' dir='ltr'><strong>Quod</strong></span> 
     </span>
     <span class='ocr_line' id='line_1_16' title="bbox 84 1566 1232 1654; baseline 0.005 -26"><span class='ocrx_word' id='word_1_127' title='bbox 84 1576 123 1628; x_wconf 92' lang='lat' dir='ltr'><strong>ut</strong></span> <span class='ocrx_word' id='word_1_128' title='bbox 137 1567 267 1630; x_wconf 86' lang='lat' dir='ltr'><strong>facilius</strong></span> <span class='ocrx_word' id='word_1_129' title='bbox 289 1578 323 1631; x_wconf 91' lang='lat' dir='ltr'><strong>et</strong></span> <span class='ocrx_word' id='word_1_130' title='bbox 338 1566 532 1630; x_wconf 77' lang='lat' dir='ltr'><strong>commodius</strong></span> <span class='ocrx_word' id='word_1_131' title='bbox 546 1568 614 1646; x_wconf 87' lang='lat' dir='ltr'><strong>fiat,</strong></span> <span class='ocrx_word' id='word_1_132' title='bbox 630 1567 783 1633; x_wconf 90' lang='lat' dir='ltr'><strong>volumus</strong></span> <span class='ocrx_word' id='word_1_133' title='bbox 799 1578 837 1633; x_wconf 95' lang='lat' dir='ltr'><strong>ut</strong></span> <span class='ocrx_word' id='word_1_134' title='bbox 860 1591 920 1654; x_wconf 91' lang='lat' dir='ltr'><strong>pro</strong></span> <span class='ocrx_word' id='word_1_135' title='bbox 940 1591 1091 1654; x_wconf 91' lang='lat' dir='ltr'><strong>supremo</strong></span> <span class='ocrx_word' id='word_1_136' title='bbox 1106 1569 1140 1632; x_wconf 91' lang='lat' dir='ltr'><strong>in</strong></span> <span class='ocrx_word' id='word_1_137' title='bbox 1154 1571 1232 1634; x_wconf 87' lang='lat' dir='ltr'><strong>aula</strong></span> 
     </span>
     <span class='ocr_line' id='line_1_17' title="bbox 83 1651 1230 1740; baseline 0.004 -26"><span class='ocrx_word' id='word_1_138' title='bbox 83 1651 219 1726; x_wconf 82' lang='lat' dir='ltr'><strong>ferculo,</strong></span> <span class='ocrx_word' id='word_1_139' title='bbox 235 1654 261 1716; x_wconf 92' lang='lat' dir='ltr'><strong>si</strong></span> <span class='ocrx_word' id='word_1_140' title='bbox 272 1653 450 1717; x_wconf 87' lang='lat' dir='ltr'><strong>Praesidens</strong></span> <span class='ocrx_word' id='word_1_141' title='bbox 464 1652 564 1715; x_wconf 88' lang='lat' dir='ltr'><strong>fuerit</strong></span> <span class='ocrx_word' id='word_1_142' title='bbox 575 1652 673 1729; x_wconf 90' lang='lat' dir='ltr'><strong>domi,</strong></span> <span class='ocrx_word' id='word_1_143' title='bbox 689 1653 827 1740; x_wconf 88' lang='lat' dir='ltr'><strong>singulis</strong></span> <span class='ocrx_word' id='word_1_144' title='bbox 843 1655 959 1718; x_wconf 90' lang='lat' dir='ltr'><strong>diebus</strong></span> <span class='ocrx_word' id='word_1_145' title='bbox 975 1655 1154 1719; x_wconf 88' lang='lat' dir='ltr'><strong>allocentur</strong></span> <span class='ocrx_word' id='word_1_146' title='bbox 1193 1677 1230 1719; x_wconf 91' lang='lat' dir='ltr'><strong>ro</strong></span> 
     </span>
     <span class='ocr_line' id='line_1_18' title="bbox 81 1678 1231 1826; baseline 0.003 -25"><span class='ocrx_word' id='word_1_147' title='bbox 81 1761 122 1801; x_wconf 91' lang='lat' dir='ltr'><strong>eo</strong></span> <span class='ocrx_word' id='word_1_148' title='bbox 132 1737 200 1801; x_wconf 91' lang='lat' dir='ltr'><strong>duo</strong></span> <span class='ocrx_word' id='word_1_149' title='bbox 211 1739 339 1803; x_wconf 83' lang='lat' dir='ltr'><strong>denarii</strong></span> <span class='ocrx_word' id='word_1_150' title='bbox 353 1748 472 1825; x_wconf 86' lang='lat' dir='ltr'><strong>praeter</strong></span> <span class='ocrx_word' id='word_1_151' title='bbox 487 1739 668 1802; x_wconf 87' lang='lat' dir='ltr'><strong>convictum</strong></span> <span class='ocrx_word' id='word_1_152' title='bbox 682 1741 834 1824; x_wconf 90' lang='lat' dir='ltr'><strong>superius</strong></span> <span class='ocrx_word' id='word_1_153' title='bbox 845 1740 1031 1815; x_wconf 88' lang='lat' dir='ltr'><strong>allocatum,</strong></span> <span class='ocrx_word' id='word_1_154' title='bbox 1041 1752 1075 1805; x_wconf 89' lang='lat' dir='ltr'><strong>et</strong></span> <span class='ocrx_word' id='word_1_155' title='bbox 1088 1678 1231 1826; x_wconf 77' lang='lat' dir='ltr'><strong>proeliis</strong></span> 
     </span>
     <span class='ocr_line' id='line_1_19' title="bbox 82 1822 1230 1891; baseline 0.003 -5"><span class='ocrx_word' id='word_1_156' title='bbox 82 1822 269 1889; x_wconf 89' lang='lat' dir='ltr'><strong>domesticis</strong></span> <span class='ocrx_word' id='word_1_157' title='bbox 282 1825 472 1888; x_wconf 89' lang='lat' dir='ltr'><strong>sedentibus</strong></span> <span class='ocrx_word' id='word_1_158' title='bbox 487 1847 560 1887; x_wconf 92' lang='lat' dir='ltr'><strong>cum</strong></span> <span class='ocrx_word' id='word_1_159' title='bbox 576 1847 614 1888; x_wconf 94' lang='lat' dir='ltr'><strong>eo</strong></span> <span class='ocrx_word' id='word_1_160' title='bbox 628 1825 663 1888; x_wconf 92' lang='lat' dir='ltr'><strong>in</strong></span> <span class='ocrx_word' id='word_1_161' title='bbox 678 1825 794 1890; x_wconf 93' lang='lat' dir='ltr'><strong>eodem</strong></span> <span class='ocrx_word' id='word_1_162' title='bbox 810 1825 931 1889; x_wconf 84' lang='lat' dir='ltr'><strong>ferculo</strong></span> <span class='ocrx_word' id='word_1_163' title='bbox 951 1826 1114 1891; x_wconf 88' lang='lat' dir='ltr'><strong>denarius.</strong></span> <span class='ocrx_word' id='word_1_164' title='bbox 1158 1826 1230 1890; x_wconf 91' lang='lat' dir='ltr'><strong>Ab·</strong></span> 
     </span>
     <span class='ocr_line' id='line_1_20' title="bbox 81 1911 1230 1997; baseline 0.003 -24"><span class='ocrx_word' id='word_1_165' title='bbox 81 1920 176 1974; x_wconf 90' lang='lat' dir='ltr'><strong>sente</strong></span> <span class='ocrx_word' id='word_1_166' title='bbox 186 1911 468 1975; x_wconf 85' lang='lat' dir='ltr'><strong>veroPraesidente</strong></span> <span class='ocrx_word' id='word_1_167' title='bbox 478 1920 536 1974; x_wconf 88' lang='lat' dir='ltr'><strong>aut</strong></span> <span class='ocrx_word' id='word_1_168' title='bbox 546 1911 581 1973; x_wconf 91' lang='lat' dir='ltr'><strong>in</strong></span> <span class='ocrx_word' id='word_1_169' title='bbox 592 1933 651 1974; x_wconf 90' lang='lat' dir='ltr'><strong>suo</strong></span> <span class='ocrx_word' id='word_1_170' title='bbox 660 1911 807 1976; x_wconf 90' lang='lat' dir='ltr'><strong>cubiculo</strong></span> <span class='ocrx_word' id='word_1_171' title='bbox 816 1911 996 1997; x_wconf 88' lang='lat' dir='ltr'><strong>prandente</strong></span> <span class='ocrx_word' id='word_1_172' title='bbox 1005 1911 1058 1976; x_wconf 91' lang='lat' dir='ltr'><strong>vel</strong></span> <span class='ocrx_word' id='word_1_173' title='bbox 1067 1921 1230 1991; x_wconf 91' lang='lat' dir='ltr'><strong>coenante,</strong></span> 
     </span>
     <span class='ocr_line' id='line_1_21' title="bbox 80 1995 1230 2083; baseline 0.003 -25"><span class='ocrx_word' id='word_1_174' title='bbox 80 1996 112 2058; x_wconf 90' lang='lat' dir='ltr'><strong>si</strong></span> <span class='ocrx_word' id='word_1_175' title='bbox 133 1996 222 2061; x_wconf 89' lang='lat' dir='ltr'><strong>adsit</strong></span> <span class='ocrx_word' id='word_1_176' title='bbox 243 1998 277 2060; x_wconf 90' lang='lat' dir='ltr'><strong>in</strong></span> <span class='ocrx_word' id='word_1_177' title='bbox 292 1999 396 2078; x_wconf 90' lang='lat' dir='ltr'><strong>primo</strong></span> <span class='ocrx_word' id='word_1_178' title='bbox 411 1996 533 2061; x_wconf 87' lang='lat' dir='ltr'><strong>ferculo</strong></span> <span class='ocrx_word' id='word_1_179' title='bbox 558 1996 815 2083; x_wconf 88' lang='lat' dir='ltr'><strong>Vicepraesidens</strong></span> <span class='ocrx_word' id='word_1_180' title='bbox 838 1997 893 2060; x_wconf 90' lang='lat' dir='ltr'><strong>vel</strong></span> <span class='ocrx_word' id='word_1_181' title='bbox 909 1997 1027 2061; x_wconf 87' lang='lat' dir='ltr'><strong>Lector</strong></span> <span class='ocrx_word' id='word_1_182' title='bbox 1053 1995 1230 2083; x_wconf 73' lang='lat' dir='ltr'><strong>theologias,</strong></span> 
     </span>
     <span class='ocr_line' id='line_1_22' title="bbox 79 2082 1230 2169; baseline 0.002 -25"><span class='ocrx_word' id='word_1_183' title='bbox 79 2082 260 2147; x_wconf 88' lang='lat' dir='ltr'><strong>allocentur</strong></span> <span class='ocrx_word' id='word_1_184' title='bbox 276 2083 416 2169; x_wconf 85' lang='lat' dir='ltr'><strong>singulis</strong></span> <span class='ocrx_word' id='word_1_185' title='bbox 431 2082 549 2146; x_wconf 89' lang='lat' dir='ltr'><strong>diebus</strong></span> <span class='ocrx_word' id='word_1_186' title='bbox 564 2082 630 2146; x_wconf 92' lang='lat' dir='ltr'><strong>duo</strong></span> <span class='ocrx_word' id='word_1_187' title='bbox 643 2082 770 2146; x_wconf 89' lang='lat' dir='ltr'><strong>denarii</strong></span> <span class='ocrx_word' id='word_1_188' title='bbox 776 2082 867 2146; x_wconf 88' lang='lat' dir='ltr'><strong>ultra</strong></span> <span class='ocrx_word' id='word_1_189' title='bbox 875 2083 983 2147; x_wconf 88' lang='lat' dir='ltr'><strong>omnia</strong></span> <span class='ocrx_word' id='word_1_190' title='bbox 998 2082 1064 2145; x_wconf 89' lang='lat' dir='ltr'><strong>alia</strong></span> <span class='ocrx_word' id='word_1_191' title='bbox 1078 2083 1230 2166; x_wconf 89' lang='lat' dir='ltr'><strong>superius</strong></span> 
     </span>
     <span class='ocr_line' id='line_1_23' title="bbox 79 2167 1230 2255; baseline 0.002 -25"><span class='ocrx_word' id='word_1_192' title='bbox 79 2191 142 2254; x_wconf 90' lang='lat' dir='ltr'><strong>per</strong></span> <span class='ocrx_word' id='word_1_193' title='bbox 157 2191 217 2232; x_wconf 89' lang='lat' dir='ltr'><strong>uos</strong></span> <span class='ocrx_word' id='word_1_194' title='bbox 228 2170 400 2255; x_wconf 87' lang='lat' dir='ltr'><strong>assignata</strong></span> <span class='ocrx_word' id='word_1_195' title='bbox 432 2169 482 2232; x_wconf 86' lang='lat' dir='ltr'><strong>Et</strong></span> <span class='ocrx_word' id='word_1_196' title='bbox 500 2191 600 2249; x_wconf 92' lang='lat' dir='ltr'><strong>quum</strong></span> <span class='ocrx_word' id='word_1_197' title='bbox 619 2167 969 2233; x_wconf 72' lang='lat' dir='ltr'><strong>Praesidensintordum</strong></span> <span class='ocrx_word' id='word_1_198' title='bbox 980 2169 1014 2230; x_wconf 91' lang='lat' dir='ltr'><strong>in</strong></span> <span class='ocrx_word' id='word_1_199' title='bbox 1026 2189 1153 2230; x_wconf 84' lang='lat' dir='ltr'><strong>camera</strong></span> <span class='ocrx_word' id='word_1_200' title='bbox 1170 2190 1230 2232; x_wconf 89' lang='lat' dir='ltr'><strong>sua</strong></span> 
     </span>
     <span class='ocr_line' id='line_1_24' title="bbox 78 2254 1229 2340; baseline 0.001 -23"><span class='ocrx_word' id='word_1_201' title='bbox 78 2254 242 2340; x_wconf 89' lang='lat' dir='ltr'><strong>prandere</strong></span> <span class='ocrx_word' id='word_1_202' title='bbox 264 2265 323 2320; x_wconf 89' lang='lat' dir='ltr'><strong>aut</strong></span> <span class='ocrx_word' id='word_1_203' title='bbox 340 2277 470 2318; x_wconf 89' lang='lat' dir='ltr'><strong>coenare</strong></span> <span class='ocrx_word' id='word_1_204' title='bbox 484 2255 633 2325; x_wconf 90' lang='lat' dir='ltr'><strong>voluerit,</strong></span> <span class='ocrx_word' id='word_1_205' title='bbox 649 2255 680 2318; x_wconf 91' lang='lat' dir='ltr'><strong>ei</strong></span> <span class='ocrx_word' id='word_1_206' title='bbox 688 2255 877 2340; x_wconf 87' lang='lat' dir='ltr'><strong>portionem</strong></span> <span class='ocrx_word' id='word_1_207' title='bbox 893 2277 986 2318; x_wconf 87' lang='lat' dir='ltr'><strong>suam</strong></span> <span class='ocrx_word' id='word_1_208' title='bbox 1002 2276 1068 2318; x_wconf 89' lang='lat' dir='ltr'><strong>una</strong></span> <span class='ocrx_word' id='word_1_209' title='bbox 1083 2276 1156 2317; x_wconf 94' lang='lat' dir='ltr'><strong>cum</strong></span> <span class='ocrx_word' id='word_1_210' title='bbox 1171 2254 1229 2318; x_wconf 89' lang='lat' dir='ltr'><strong>illa</strong></span> 
     </span>
     <span class='ocr_line' id='line_1_25' title="bbox 78 2337 1226 2427; baseline 0.001 -23"><span class='ocrx_word' id='word_1_211' title='bbox 78 2364 140 2405; x_wconf 90' lang='lat' dir='ltr'><strong>sua</strong></span> <span class='ocrx_word' id='word_1_212' title='bbox 154 2341 346 2407; x_wconf 88' lang='lat' dir='ltr'><strong>allocatione</strong></span> <span class='ocrx_word' id='word_1_213' title='bbox 362 2352 412 2406; x_wconf 90' lang='lat' dir='ltr'><strong>ter</strong></span> <span class='ocrx_word' id='word_1_214' title='bbox 422 2340 475 2405; x_wconf 90' lang='lat' dir='ltr'><strong>vel</strong></span> <span class='ocrx_word' id='word_1_215' title='bbox 485 2349 602 2423; x_wconf 88' lang='lat' dir='ltr'><strong>quater</strong></span> <span class='ocrx_word' id='word_1_216' title='bbox 616 2341 651 2404; x_wconf 91' lang='lat' dir='ltr'><strong>in</strong></span> <span class='ocrx_word' id='word_1_217' title='bbox 663 2340 847 2427; x_wconf 88' lang='lat' dir='ltr'><strong>septimana</strong></span> <span class='ocrx_word' id='word_1_218' title='bbox 861 2340 925 2405; x_wconf 89' lang='lat' dir='ltr'><strong>sibi</strong></span> <span class='ocrx_word' id='word_1_219' title='bbox 938 2337 1107 2405; x_wconf 87' lang='lat' dir='ltr'><strong>vendicare</strong></span> <span class='ocrx_word' id='word_1_220' title='bbox 1120 2339 1226 2405; x_wconf 89' lang='lat' dir='ltr'><strong>liceat.</strong></span> 
     </span>
     <span class='ocr_line' id='line_1_26' title="bbox 77 2427 1361 2515; baseline 0.007 -27"><span class='ocrx_word' id='word_1_221' title='bbox 77 2428 283 2506; x_wconf 75' lang='lat' dir='ltr'><strong>statuentes,</strong></span> <span class='ocrx_word' id='word_1_222' title='bbox 300 2438 466 2515; x_wconf 87' lang='lat' dir='ltr'><strong>praeterea,</strong></span> <span class='ocrx_word' id='word_1_223' title='bbox 483 2437 521 2490; x_wconf 91' lang='lat' dir='ltr'><strong>ut</strong></span> <span class='ocrx_word' id='word_1_224' title='bbox 538 2428 574 2490; x_wconf 90' lang='lat' dir='ltr'><strong>in</strong></span> <span class='ocrx_word' id='word_1_225' title='bbox 588 2428 652 2491; x_wconf 92' lang='lat' dir='ltr'><strong>fine</strong></span> <span class='ocrx_word' id='word_1_226' title='bbox 663 2433 884 2512; x_wconf 88' lang='lat' dir='ltr'><strong>cujuscunque</strong></span> <span class='ocrx_word' id='word_1_227' title='bbox 898 2427 1059 2511; x_wconf 90' lang='lat' dir='ltr'><strong>quarterii</strong></span> <span class='ocrx_word' id='word_1_228' title='bbox 1076 2427 1154 2491; x_wconf 87' lang='lat' dir='ltr'><strong>anni</strong></span> <span class='ocrx_word' id='word_1_229' title='bbox 1167 2449 1227 2512; x_wconf 91' lang='lat' dir='ltr'><strong>per</strong></span> <span class='ocrx_word' id='word_1_230' title='bbox 1239 2448 1361 2509; x_wconf 71' lang='lat' dir='ltr'><strong>Amompt</strong></span> 
     </span>
     <span class='ocr_line' id='line_1_27' title="bbox 78 2509 1365 2613; baseline 0.001 -37"><span class='ocrx_word' id='word_1_231' title='bbox 78 2513 332 2601; x_wconf 86' lang='lat' dir='ltr'><strong>Dispensatores</strong></span> <span class='ocrx_word' id='word_1_232' title='bbox 344 2515 378 2579; x_wconf 92' lang='lat' dir='ltr'><strong>in</strong></span> <span class='ocrx_word' id='word_1_233' title='bbox 386 2514 515 2598; x_wconf 88' lang='lat' dir='ltr'><strong>scriptis</strong></span> <span class='ocrx_word' id='word_1_234' title='bbox 525 2514 583 2578; x_wconf 85' lang='lat' dir='ltr'><strong>fiat</strong></span> <span class='ocrx_word' id='word_1_235' title='bbox 593 2514 681 2576; x_wconf 91' lang='lat' dir='ltr'><strong>visus</strong></span> <span class='ocrx_word' id='word_1_236' title='bbox 688 2539 697 2591; x_wconf 86' lang='lat'><em>3</em></span> <span class='ocrx_word' id='word_1_237' title='bbox 713 2524 747 2577; x_wconf 91' lang='lat' dir='ltr'><strong>et</strong></span> <span class='ocrx_word' id='word_1_238' title='bbox 759 2513 967 2599; x_wconf 87' lang='lat' dir='ltr'><strong>particularis</strong></span> <span class='ocrx_word' id='word_1_239' title='bbox 979 2524 1149 2598; x_wconf 86' lang='lat' dir='ltr'><strong>computus</strong></span> <span class='ocrx_word' id='word_1_240' title='bbox 1158 2523 1227 2577; x_wconf 90' lang='lat' dir='ltr'><strong>tam</strong></span> <span class='ocrx_word' id='word_1_241' title='bbox 1239 2509 1365 2613; x_wconf 51' lang='lat' dir='ltr'><strong>ffiflgw</strong></span> 
     </span>
     <span class='ocr_line' id='line_1_28' title="bbox 26 2600 1374 2686; baseline -0.001 -22"><span class='ocrx_word' id='word_1_242' title='bbox 26 2664 29 2671; x_wconf 84' lang='grc'><strong><em>,</em></strong></span> <span class='ocrx_word' id='word_1_243' title='bbox 77 2602 336 2665; x_wconf 88' lang='lat' dir='ltr'><strong>communiarum</strong></span> <span class='ocrx_word' id='word_1_244' title='bbox 344 2622 445 2686; x_wconf 91' lang='lat' dir='ltr'><strong>quam</strong></span> <span class='ocrx_word' id='word_1_245' title='bbox 453 2600 598 2662; x_wconf 90' lang='lat' dir='ltr'><strong>omnium</strong></span> <span class='ocrx_word' id='word_1_246' title='bbox 607 2610 641 2663; x_wconf 91' lang='lat' dir='ltr'><strong>et</strong></span> <span class='ocrx_word' id='word_1_247' title='bbox 649 2600 854 2685; x_wconf 84' lang='lat' dir='ltr'><strong>singularum</strong></span> <span class='ocrx_word' id='word_1_248' title='bbox 863 2600 1001 2663; x_wconf 89' lang='lat' dir='ltr'><strong>aliarum</strong></span> <span class='ocrx_word' id='word_1_249' title='bbox 1010 2620 1226 2683; x_wconf 82' lang='lat' dir='ltr'><strong>expensarum</strong></span> <span class='ocrx_word' id='word_1_250' title='bbox 1239 2601 1374 2685; x_wconf 73' lang='lat' dir='ltr'><strong>tobe&#39;kepi</strong></span> 
     </span>
    </p>

    <p class='ocr_par' dir='ltr' id='par_1_3' title="bbox 74 2683 1388 3808">
     <span class='ocr_line' id='line_1_29' title="bbox 79 2683 1388 2770; baseline -0.005 -21"><span class='ocrx_word' id='word_1_251' title='bbox 79 2686 330 2751; x_wconf 88' lang='lat' dir='ltr'><strong>intrinsecarum</strong></span> <span class='ocrx_word' id='word_1_252' title='bbox 366 2686 444 2750; x_wconf 89' lang='lat' dir='ltr'><strong>dicti</strong></span> <span class='ocrx_word' id='word_1_253' title='bbox 483 2685 639 2769; x_wconf 90' lang='lat' dir='ltr'><strong>Collegii,</strong></span> <span class='ocrx_word' id='word_1_254' title='bbox 707 2708 723 2747; x_wconf 93' lang='lat' dir='ltr'><strong>r</strong></span> <span class='ocrx_word' id='word_1_255' title='bbox 766 2686 996 2750; x_wconf 89' lang='lat' dir='ltr'><strong>Praesidentem</strong></span> <span class='ocrx_word' id='word_1_256' title='bbox 1035 2684 1066 2749; x_wconf 89' lang='lat' dir='ltr'>V</span> <span class='ocrx_word' id='word_1_257' title='bbox 1067 2686 1224 2770; x_wconf 90' lang='lat' dir='ltr'><strong>icepraesi·</strong></span> <span class='ocrx_word' id='word_1_258' title='bbox 1238 2683 1388 2743; x_wconf 75' lang='lat' dir='ltr'><strong>byBursm.</strong></span> 
     </span>
     <span class='ocr_line' id='line_1_30' title="bbox 78 2708 1226 2856; baseline -0.001 -20"><span class='ocrx_word' id='word_1_259' title='bbox 78 2772 214 2837; x_wconf 87' lang='lat' dir='ltr'><strong>dentem</strong></span> <span class='ocrx_word' id='word_1_260' title='bbox 224 2783 260 2838; x_wconf 90' lang='lat' dir='ltr'><strong>et</strong></span> <span class='ocrx_word' id='word_1_261' title='bbox 269 2774 418 2837; x_wconf 84' lang='lat' dir='ltr'><strong>Decanos</strong></span> <span class='ocrx_word' id='word_1_262' title='bbox 433 2770 614 2856; x_wconf 86' lang='lat' dir='ltr'><strong>diligenter</strong></span> <span class='ocrx_word' id='word_1_263' title='bbox 621 2708 791 2849; x_wconf 56' lang='lat' dir='ltr'><strong>videeatun</strong></span> <span class='ocrx_word' id='word_1_264' title='bbox 806 2795 846 2836; x_wconf 91' lang='lat' dir='ltr'><strong>ea</strong></span> <span class='ocrx_word' id='word_1_265' title='bbox 860 2772 902 2837; x_wconf 87' lang='lat' dir='ltr'><strong>de</strong></span> <span class='ocrx_word' id='word_1_266' title='bbox 912 2793 1009 2835; x_wconf 89' lang='lat' dir='ltr'><strong>causa</strong></span> <span class='ocrx_word' id='word_1_267' title='bbox 1021 2780 1061 2834; x_wconf 92' lang='lat' dir='ltr'><strong>ut</strong></span> <span class='ocrx_word' id='word_1_268' title='bbox 1072 2771 1101 2833; x_wconf 90' lang='lat' dir='ltr'><strong>si</strong></span> <span class='ocrx_word' id='word_1_269' title='bbox 1116 2770 1226 2853; x_wconf 88' lang='lat' dir='ltr'><strong>aliqua</strong></span> 
     </span>
     <span class='ocr_line' id='line_1_31' title="bbox 78 2857 1224 2945; baseline 0.003 -26"><span class='ocrx_word' id='word_1_270' title='bbox 78 2858 112 2920; x_wconf 93' lang='lat' dir='ltr'><strong>in</strong></span> <span class='ocrx_word' id='word_1_271' title='bbox 138 2882 173 2923; x_wconf 91' lang='lat' dir='ltr'><strong>re</strong></span> <span class='ocrx_word' id='word_1_272' title='bbox 190 2871 250 2924; x_wconf 89' lang='lat' dir='ltr'><strong>aut</strong></span> <span class='ocrx_word' id='word_1_273' title='bbox 268 2880 406 2945; x_wconf 91' lang='lat' dir='ltr'><strong>persona</strong></span> <span class='ocrx_word' id='word_1_274' title='bbox 424 2868 572 2921; x_wconf 89' lang='lat' dir='ltr'><strong>erratum</strong></span> <span class='ocrx_word' id='word_1_275' title='bbox 593 2857 769 2935; x_wconf 86' lang='lat' dir='ltr'><strong>inveniant,</strong></span> <span class='ocrx_word' id='word_1_276' title='bbox 797 2858 809 2921; x_wconf 90' lang='lat' dir='ltr'><strong>i</strong></span> <span class='ocrx_word' id='word_1_277' title='bbox 836 2880 908 2921; x_wconf 90' lang='lat' dir='ltr'><strong>sum</strong></span> <span class='ocrx_word' id='word_1_278' title='bbox 928 2858 1041 2921; x_wconf 88' lang='lat' dir='ltr'><strong>statim</strong></span> <span class='ocrx_word' id='word_1_279' title='bbox 1060 2858 1224 2942; x_wconf 85' lang='lat' dir='ltr'><strong>corrigant</strong></span> 
     </span>
     <span class='ocr_line' id='line_1_32' title="bbox 79 2881 1225 3030; baseline -0.001 -23"><span class='ocrx_word' id='word_1_280' title='bbox 79 2953 118 3007; x_wconf 90' lang='lat' dir='ltr'><strong>ut</strong></span> <span class='ocrx_word' id='word_1_281' title='bbox 131 2946 180 3009; x_wconf 90' lang='lat' dir='ltr'><strong>eis</strong></span> <span class='ocrx_word' id='word_1_282' title='bbox 199 2946 366 3010; x_wconf 89' lang='lat' dir='ltr'><strong>videbitur</strong></span> <span class='ocrx_word' id='word_1_283' title='bbox 379 2943 536 3029; x_wconf 83' lang='lat' dir='ltr'><strong>expedire</strong></span> <span class='ocrx_word' id='word_1_284' title='bbox 551 2966 610 3028; x_wconf 89' lang='lat' dir='ltr'><strong>pro</strong></span> <span class='ocrx_word' id='word_1_285' title='bbox 633 2943 780 3007; x_wconf 88' lang='lat' dir='ltr'><strong>utilitate</strong></span> <span class='ocrx_word' id='word_1_286' title='bbox 803 2881 952 3030; x_wconf 57' lang='lat' dir='ltr'><strong>dollegii.</strong></span> <span class='ocrx_word' id='word_1_287' title='bbox 998 2942 1168 3019; x_wconf 88' lang='lat' dir='ltr'><strong>Attamen,</strong></span> <span class='ocrx_word' id='word_1_288' title='bbox 1185 2951 1225 3006; x_wconf 89' lang='lat' dir='ltr'><strong>ut</strong></span> 
     </span>
     <span class='ocr_line' id='line_1_33' title="bbox 79 3030 1368 3115; baseline -0.002 -22"><span class='ocrx_word' id='word_1_289' title='bbox 79 3053 169 3095; x_wconf 92' lang='lat' dir='ltr'><strong>mens</strong></span> <span class='ocrx_word' id='word_1_290' title='bbox 182 3042 294 3095; x_wconf 88' lang='lat' dir='ltr'><strong>nostra</strong></span> <span class='ocrx_word' id='word_1_291' title='bbox 310 3032 343 3093; x_wconf 92' lang='lat' dir='ltr'><strong>in</strong></span> <span class='ocrx_word' id='word_1_292' title='bbox 359 3030 603 3095; x_wconf 76' lang='lat' dir='ltr'><strong>allocutionibus</strong></span> <span class='ocrx_word' id='word_1_293' title='bbox 618 3030 874 3095; x_wconf 78' lang='lat' dir='ltr'><strong>communierum</strong></span> <span class='ocrx_word' id='word_1_294' title='bbox 892 3051 952 3115; x_wconf 87' lang='lat' dir='ltr'><strong>pro</strong></span> <span class='ocrx_word' id='word_1_295' title='bbox 967 3049 1118 3113; x_wconf 91' lang='lat' dir='ltr'><strong>prospero</strong></span> <span class='ocrx_word' id='word_1_296' title='bbox 1132 3036 1223 3091; x_wconf 88' lang='lat' dir='ltr'><strong>statu</strong></span> <span class='ocrx_word' id='word_1_297' title='bbox 1235 3043 1326 3091; x_wconf 74' lang='lat' dir='ltr'><strong>Exocss</strong></span> <span class='ocrx_word' id='word_1_298' title='bbox 1336 3046 1368 3091; x_wconf 85' lang='lat' dir='ltr'><strong>or</strong></span> 
     </span>
     <span class='ocr_line' id='line_1_34' title="bbox 77 3113 1365 3214; baseline -0.003 -35"><span class='ocrx_word' id='word_1_299' title='bbox 77 3117 183 3181; x_wconf 88' lang='lat' dir='ltr'><strong>nostri</strong></span> <span class='ocrx_word' id='word_1_300' title='bbox 195 3117 336 3203; x_wconf 86' lang='lat' dir='ltr'><strong>Collegii</strong></span> <span class='ocrx_word' id='word_1_301' title='bbox 344 3115 563 3181; x_wconf 89' lang='lat' dir='ltr'><strong>conservando</strong></span> <span class='ocrx_word' id='word_1_302' title='bbox 576 3116 696 3179; x_wconf 87' lang='lat' dir='ltr'><strong>clarius</strong></span> <span class='ocrx_word' id='word_1_303' title='bbox 706 3117 851 3214; x_wconf 83' lang='lat' dir='ltr'><strong>patefiat,</strong></span> <span class='ocrx_word' id='word_1_304' title='bbox 861 3116 909 3179; x_wconf 88' lang='lat' dir='ltr'><strong>ita</strong></span> <span class='ocrx_word' id='word_1_305' title='bbox 918 3136 991 3179; x_wconf 90' lang='lat' dir='ltr'><strong>eam</strong></span> <span class='ocrx_word' id='word_1_306' title='bbox 1002 3113 1202 3199; x_wconf 86' lang='lat' dir='ltr'><strong>explicamus</strong></span> <span class='ocrx_word' id='word_1_307' title='bbox 1213 3140 1222 3191; x_wconf 94' lang='lat'>;</span> <span class='ocrx_word' id='word_1_308' title='bbox 1234 3116 1365 3151; x_wconf 68' lang='lat' dir='ltr'><strong>commoni.</strong></span> 
     </span>
     <span class='ocr_line' id='line_1_35' title="bbox 77 3200 1362 3287; baseline -0.003 -21"><span class='ocrx_word' id='word_1_309' title='bbox 77 3215 115 3269; x_wconf 92' lang='lat' dir='ltr'><strong>ut</strong></span> <span class='ocrx_word' id='word_1_310' title='bbox 130 3226 316 3287; x_wconf 87' lang='lat' dir='ltr'><strong>quanquam</strong></span> <span class='ocrx_word' id='word_1_311' title='bbox 329 3201 466 3266; x_wconf 88' lang='lat' dir='ltr'><strong>diversis</strong></span> <span class='ocrx_word' id='word_1_312' title='bbox 491 3201 682 3286; x_wconf 87' lang='lat' dir='ltr'><strong>septimanis</strong></span> <span class='ocrx_word' id='word_1_313' title='bbox 705 3223 740 3264; x_wconf 91' lang='lat' dir='ltr'><strong>m</strong></span> <span class='ocrx_word' id='word_1_314' title='bbox 762 3202 877 3283; x_wconf 88' lang='lat' dir='ltr'><strong>quovis</strong></span> <span class='ocrx_word' id='word_1_315' title='bbox 896 3222 980 3263; x_wconf 89' lang='lat' dir='ltr'><strong>anno</strong></span> <span class='ocrx_word' id='word_1_316' title='bbox 1003 3221 1151 3263; x_wconf 86' lang='lat' dir='ltr'><strong>excessus</strong></span> <span class='ocrx_word' id='word_1_317' title='bbox 1169 3200 1222 3263; x_wconf 90' lang='lat' dir='ltr'><strong>vel</strong></span> <span class='ocrx_word' id='word_1_318' title='bbox 1360 3232 1362 3244; x_wconf 89' lang='lat'>·</span> 
     </span>
     <span class='ocr_line' id='line_1_36' title="bbox 75 3286 1224 3372; baseline -0.002 -21"><span class='ocrx_word' id='word_1_319' title='bbox 75 3288 313 3354; x_wconf 91' lang='lat' dir='ltr'><strong>detrimentum</strong></span> <span class='ocrx_word' id='word_1_320' title='bbox 327 3288 580 3354; x_wconf 84' lang='lat' dir='ltr'><strong>commuuiarum</strong></span> <span class='ocrx_word' id='word_1_321' title='bbox 591 3287 770 3372; x_wconf 85' lang='lat' dir='ltr'><strong>contingat,</strong></span> <span class='ocrx_word' id='word_1_322' title='bbox 786 3287 907 3351; x_wconf 87' lang='lat' dir='ltr'><strong>arctius</strong></span> <span class='ocrx_word' id='word_1_323' title='bbox 922 3295 1029 3349; x_wconf 88' lang='lat' dir='ltr'><strong>tamen</strong></span> <span class='ocrx_word' id='word_1_324' title='bbox 1044 3286 1106 3348; x_wconf 90' lang='lat' dir='ltr'><strong>sub</strong></span> <span class='ocrx_word' id='word_1_325' title='bbox 1119 3306 1224 3370; x_wconf 88' lang='lat' dir='ltr'><strong>poena</strong></span> 
     </span>
     <span class='ocr_line' id='line_1_37' title="bbox 74 3371 1222 3462; baseline -0.003 -23"><span class='ocrx_word' id='word_1_326' title='bbox 74 3378 214 3462; x_wconf 83' lang='lat' dir='ltr'><strong>perjmii</strong></span> <span class='ocrx_word' id='word_1_327' title='bbox 228 3376 416 3440; x_wconf 91' lang='lat' dir='ltr'><strong>inhibemus</strong></span> <span class='ocrx_word' id='word_1_328' title='bbox 430 3396 483 3452; x_wconf 92' lang='lat' dir='ltr'><strong>ne,</strong></span> <span class='ocrx_word' id='word_1_329' title='bbox 496 3374 529 3435; x_wconf 93' lang='lat' dir='ltr'><strong>in</strong></span> <span class='ocrx_word' id='word_1_330' title='bbox 542 3373 634 3437; x_wconf 89' lang='lat' dir='ltr'><strong>finali</strong></span> <span class='ocrx_word' id='word_1_331' title='bbox 648 3383 799 3459; x_wconf 88' lang='lat' dir='ltr'><strong>computo</strong></span> <span class='ocrx_word' id='word_1_332' title='bbox 815 3372 904 3451; x_wconf 89' lang='lat' dir='ltr'><strong>anni,</strong></span> <span class='ocrx_word' id='word_1_333' title='bbox 918 3371 1056 3456; x_wconf 87' lang='lat' dir='ltr'><strong>amplior</strong></span> <span class='ocrx_word' id='word_1_334' title='bbox 1070 3371 1222 3436; x_wconf 89' lang='lat' dir='ltr'><strong>allocatio</strong></span> 
     </span>
     <span class='ocr_line' id='line_1_38' title="bbox 75 3457 1222 3543; baseline -0.004 -16"><span class='ocrx_word' id='word_1_335' title='bbox 75 3463 335 3527; x_wconf 88' lang='lat' dir='ltr'><strong>communiarum</strong></span> <span class='ocrx_word' id='word_1_336' title='bbox 349 3462 406 3526; x_wconf 88' lang='lat' dir='ltr'><strong>fiat</strong></span> <span class='ocrx_word' id='word_1_337' title='bbox 420 3460 489 3523; x_wconf 96' lang='lat' dir='ltr'><strong>ullo</strong></span> <span class='ocrx_word' id='word_1_338' title='bbox 504 3459 600 3523; x_wconf 92' lang='lat' dir='ltr'><strong>modo</strong></span> <span class='ocrx_word' id='word_1_339' title='bbox 613 3459 665 3522; x_wconf 85' lang='lat' dir='ltr'><strong>vel</strong></span> <span class='ocrx_word' id='word_1_340' title='bbox 679 3480 869 3542; x_wconf 88' lang='lat' dir='ltr'><strong>quocunque</strong></span> <span class='ocrx_word' id='word_1_341' title='bbox 891 3457 996 3521; x_wconf 89' lang='lat' dir='ltr'><strong>colore</strong></span> <span class='ocrx_word' id='word_1_342' title='bbox 1009 3480 1108 3540; x_wconf 89' lang='lat' dir='ltr'><strong>quam</strong></span> <span class='ocrx_word' id='word_1_343' title='bbox 1123 3479 1222 3543; x_wconf 87' lang='lat' dir='ltr'><strong>supra</strong></span> 
     </span>
     <span class='ocr_line' id='line_1_39' title="bbox 75 3543 1221 3634; baseline -0.003 -21"><span class='ocrx_word' id='word_1_344' title='bbox 75 3549 285 3634; x_wconf 85' lang='lat' dir='ltr'><strong>exprimitur.</strong></span> <span class='ocrx_word' id='word_1_345' title='bbox 315 3548 365 3611; x_wconf 82' lang='lat' dir='ltr'><strong>Et</strong></span> <span class='ocrx_word' id='word_1_346' title='bbox 376 3547 404 3610; x_wconf 92' lang='lat' dir='ltr'><strong>si</strong></span> <span class='ocrx_word' id='word_1_347' title='bbox 415 3546 518 3611; x_wconf 90' lang='lat' dir='ltr'><strong>totius</strong></span> <span class='ocrx_word' id='word_1_348' title='bbox 526 3545 605 3608; x_wconf 89' lang='lat' dir='ltr'><strong>anni</strong></span> <span class='ocrx_word' id='word_1_349' title='bbox 613 3555 764 3631; x_wconf 88' lang='lat' dir='ltr'><strong>sumptus</strong></span> <span class='ocrx_word' id='word_1_350' title='bbox 773 3543 1001 3631; x_wconf 88' lang='lat' dir='ltr'><strong>superaverint</strong></span> <span class='ocrx_word' id='word_1_351' title='bbox 1016 3543 1221 3609; x_wconf 78' lang='lat' dir='ltr'><strong>allocutiones</strong></span> 
     </span>
     <span class='ocr_line' id='line_1_40' title="bbox 74 3631 1219 3717; baseline -0.003 -18"><span class='ocrx_word' id='word_1_352' title='bbox 74 3634 253 3699; x_wconf 88' lang='lat' dir='ltr'><strong>secundum</strong></span> <span class='ocrx_word' id='word_1_353' title='bbox 274 3635 410 3698; x_wconf 88' lang='lat' dir='ltr'><strong>formam</strong></span> <span class='ocrx_word' id='word_1_354' title='bbox 438 3631 627 3717; x_wconf 74' lang='lat' dir='ltr'><strong>pradictam</strong></span> <span class='ocrx_word' id='word_1_355' title='bbox 655 3632 827 3710; x_wconf 87' lang='lat' dir='ltr'><strong>faciendas,</strong></span> <span class='ocrx_word' id='word_1_356' title='bbox 859 3631 1105 3717; x_wconf 78' lang='lat' dir='ltr'><strong>Dispensatoras</strong></span> <span class='ocrx_word' id='word_1_357' title='bbox 1135 3654 1219 3695; x_wconf 88' lang='lat' dir='ltr'><strong>com·</strong></span> 
     </span>
     <span class='ocr_line' id='line_1_41' title="bbox 74 3718 1220 3808; baseline -0.003 -24"><span class='ocrx_word' id='word_1_358' title='bbox 74 3731 231 3808; x_wconf 90' lang='lat' dir='ltr'><strong>putantes</strong></span> <span class='ocrx_word' id='word_1_359' title='bbox 250 3719 294 3785; x_wconf 87' lang='lat' dir='ltr'><strong>ad</strong></span> <span class='ocrx_word' id='word_1_360' title='bbox 317 3719 410 3783; x_wconf 90' lang='lat' dir='ltr'><strong>illam</strong></span> <span class='ocrx_word' id='word_1_361' title='bbox 433 3718 682 3803; x_wconf 82' lang='lat' dir='ltr'><strong>exuperantiam</strong></span> <span class='ocrx_word' id='word_1_362' title='bbox 707 3718 774 3781; x_wconf 90' lang='lat' dir='ltr'><strong>suis</strong></span> <span class='ocrx_word' id='word_1_363' title='bbox 798 3718 951 3803; x_wconf 90' lang='lat' dir='ltr'><strong>impensis</strong></span> <span class='ocrx_word' id='word_1_364' title='bbox 974 3726 1008 3781; x_wconf 88' lang='lat' dir='ltr'><strong>et</strong></span> <span class='ocrx_word' id='word_1_365' title='bbox 1031 3718 1220 3804; x_wconf 90' lang='lat' dir='ltr'><strong>sumptibus</strong></span> 
     </span>
    </p>

    <p class='ocr_par' dir='ltr' id='par_1_4' title="bbox 2 3802 1381 3889">
     <span class='ocr_line' id='line_1_42' title="bbox 2 3802 1381 3889; baseline -0.007 -17"><span class='ocrx_word' id='word_1_366' title='bbox 2 3855 11 3872; x_wconf 82' lang='lat'>‚</span> <span class='ocrx_word' id='word_1_367' title='bbox 73 3805 339 3871; x_wconf 84' lang='lat' dir='ltr'><strong>satisfaciendam</strong></span> <span class='ocrx_word' id='word_1_368' title='bbox 358 3806 394 3869; x_wconf 92' lang='lat' dir='ltr'><strong>in</strong></span> <span class='ocrx_word' id='word_1_369' title='bbox 413 3804 537 3869; x_wconf 89' lang='lat' dir='ltr'><strong>virtute</strong></span> <span class='ocrx_word' id='word_1_370' title='bbox 552 3804 734 3889; x_wconf 86' lang='lat' dir='ltr'><strong>juramenti</strong></span> <span class='ocrx_word' id='word_1_371' title='bbox 748 3813 935 3869; x_wconf 88' lang='lat' dir='ltr'><strong>teneantur.</strong></span> <span class='ocrx_word' id='word_1_372' title='bbox 980 3802 1028 3867; x_wconf 89' lang='lat' dir='ltr'><strong>Et</strong></span> <span class='ocrx_word' id='word_1_373' title='bbox 1047 3826 1088 3869; x_wconf 93' lang='lat' dir='ltr'><strong>ne</strong></span> <span class='ocrx_word' id='word_1_374' title='bbox 1103 3826 1219 3889; x_wconf 87' lang='lat' dir='ltr'><strong>parum</strong></span> <span class='ocrx_word' id='word_1_375' title='bbox 1231 3814 1381 3863; x_wconf 73' lang='lat' dir='ltr'><strong>Tobemmc</strong></span> 
     </span>
    </p>
   </div>
   <div class='ocr_carea' id='block_1_3' title="bbox 73 3875 1381 3980">
    <p class='ocr_par' dir='ltr' id='par_1_5' title="bbox 73 3875 1381 3980">
     <span class='ocr_line' id='line_1_43' title="bbox 73 3875 1381 3980; baseline -0.002 -22"><span class='ocrx_word' id='word_1_376' title='bbox 73 3903 188 3958; x_wconf 84' lang='lat' dir='ltr'><strong>curent</strong></span> <span class='ocrx_word' id='word_1_377' title='bbox 203 3903 263 3957; x_wconf 91' lang='lat' dir='ltr'><strong>aut</strong></span> <span class='ocrx_word' id='word_1_378' title='bbox 277 3900 496 3957; x_wconf 89' lang='lat' dir='ltr'><strong>contemnant.</strong></span> <span class='ocrx_word' id='word_1_379' title='bbox 511 3891 661 3954; x_wconf 87' lang='lat' dir='ltr'><strong>volumus</strong></span> <span class='ocrx_word' id='word_1_380' title='bbox 675 3904 722 3966; x_wconf 80' lang='lat' dir='ltr'><strong>ut,</strong></span> <span class='ocrx_word' id='word_1_381' title='bbox 737 3890 831 3954; x_wconf 90' lang='lat' dir='ltr'><strong>finito</strong></span> <span class='ocrx_word' id='word_1_382' title='bbox 849 3911 962 3954; x_wconf 87' lang='lat' dir='ltr'><strong>eorum</strong></span> <span class='ocrx_word' id='word_1_383' title='bbox 980 3899 1140 3975; x_wconf 84' lang='lat' dir='ltr'><strong>computo,</strong></span> <span class='ocrx_word' id='word_1_384' title='bbox 1161 3890 1218 3952; x_wconf 90' lang='lat' dir='ltr'><strong>ob·</strong></span> <span class='ocrx_word' id='word_1_385' title='bbox 1229 3875 1339 3980; x_wconf 51' lang='lat' dir='ltr'><strong>ffig</strong></span> <span class='ocrx_word' id='word_1_386' title='bbox 1376 3906 1381 3921; x_wconf 69' lang='lat'><em>⁶</em></span> 
     </span>
    </p>
   </div>
   <div class='ocr_carea' id='block_1_4' title="bbox 0 3973 1218 4498">
    <p class='ocr_par' dir='ltr' id='par_1_6' title="bbox 0 3973 1218 4498">
     <span class='ocr_line' id='line_1_44' title="bbox 72 3973 1217 4066; baseline -0.007 -23"><span class='ocrx_word' id='word_1_387' title='bbox 72 3980 176 4066; x_wconf 90' lang='lat' dir='ltr'><strong>ligent</strong></span> <span class='ocrx_word' id='word_1_388' title='bbox 191 4002 227 4043; x_wconf 88' lang='lat' dir='ltr'><strong>se</strong></span> <span class='ocrx_word' id='word_1_389' title='bbox 249 3978 483 4065; x_wconf 89' lang='lat' dir='ltr'><strong>perscriptum</strong></span> <span class='ocrx_word' id='word_1_390' title='bbox 505 3976 738 4061; x_wconf 84' lang='lat' dir='ltr'><strong>obligatorium</strong></span> <span class='ocrx_word' id='word_1_391' title='bbox 754 3974 945 4040; x_wconf 89' lang='lat' dir='ltr'><strong>Praesidenti</strong></span> <span class='ocrx_word' id='word_1_392' title='bbox 960 3984 994 4038; x_wconf 91' lang='lat' dir='ltr'><strong>et</strong></span> <span class='ocrx_word' id='word_1_393' title='bbox 1017 3974 1120 4037; x_wconf 88' lang='lat' dir='ltr'><strong>Sociis</strong></span> <span class='ocrx_word' id='word_1_394' title='bbox 1133 3973 1217 4036; x_wconf 88' lang='lat' dir='ltr'><strong>dicti</strong></span> 
     </span>
     <span class='ocr_line' id='line_1_45' title="bbox 72 4061 1216 4152; baseline -0.006 -22"><span class='ocrx_word' id='word_1_395' title='bbox 72 4066 216 4152; x_wconf 85' lang='lat' dir='ltr'><strong>Collegii</strong></span> <span class='ocrx_word' id='word_1_396' title='bbox 243 4065 287 4129; x_wconf 88' lang='lat' dir='ltr'><strong>ad</strong></span> <span class='ocrx_word' id='word_1_397' title='bbox 315 4064 447 4149; x_wconf 88' lang='lat' dir='ltr'><strong>plenam</strong></span> <span class='ocrx_word' id='word_1_398' title='bbox 474 4062 666 4126; x_wconf 90' lang='lat' dir='ltr'><strong>solutionem</strong></span> <span class='ocrx_word' id='word_1_399' title='bbox 696 4061 965 4126; x_wconf 87' lang='lat' dir='ltr'><strong>detrimentorum</strong></span> <span class='ocrx_word' id='word_1_400' title='bbox 993 4070 1051 4123; x_wconf 90' lang='lat' dir='ltr'><strong>aut</strong></span> <span class='ocrx_word' id='word_1_401' title='bbox 1083 4081 1216 4123; x_wconf 87' lang='lat' dir='ltr'><strong>suorum</strong></span> 
     </span>
     <span class='ocr_line' id='line_1_46' title="bbox 70 4144 1217 4232; baseline -0.008 -15"><span class='ocrx_word' id='word_1_402' title='bbox 70 4153 256 4218; x_wconf 87' lang='lat' dir='ltr'><strong>debitorum</strong></span> <span class='ocrx_word' id='word_1_403' title='bbox 271 4152 357 4216; x_wconf 90' lang='lat' dir='ltr'><strong>intra</strong></span> <span class='ocrx_word' id='word_1_404' title='bbox 372 4150 453 4213; x_wconf 89' lang='lat' dir='ltr'><strong>duos</strong></span> <span class='ocrx_word' id='word_1_405' title='bbox 468 4170 594 4212; x_wconf 90' lang='lat' dir='ltr'><strong>menses</strong></span> <span class='ocrx_word' id='word_1_406' title='bbox 603 4148 750 4232; x_wconf 85' lang='lat' dir='ltr'><strong>proxime</strong></span> <span class='ocrx_word' id='word_1_407' title='bbox 760 4158 941 4230; x_wconf 89' lang='lat' dir='ltr'><strong>sequentes,</strong></span> <span class='ocrx_word' id='word_1_408' title='bbox 959 4145 1023 4208; x_wconf 90' lang='lat' dir='ltr'><strong>nisi</strong></span> <span class='ocrx_word' id='word_1_409' title='bbox 1039 4144 1217 4208; x_wconf 84' lang='lat' dir='ltr'><strong>Praesidens</strong></span> 
     </span>
     <span class='ocr_line' id='line_1_47' title="bbox 72 4230 1217 4329; baseline -0.007 -26"><span class='ocrx_word' id='word_1_410' title='bbox 72 4251 105 4304; x_wconf 91' lang='lat' dir='ltr'><strong>et</strong></span> <span class='ocrx_word' id='word_1_411' title='bbox 119 4244 224 4324; x_wconf 89' lang='lat' dir='ltr'><strong>major</strong></span> <span class='ocrx_word' id='word_1_412' title='bbox 239 4260 315 4323; x_wconf 86' lang='lat' dir='ltr'><strong>pars</strong></span> <span class='ocrx_word' id='word_1_413' title='bbox 328 4236 494 4301; x_wconf 89' lang='lat' dir='ltr'><strong>seniorum</strong></span> <span class='ocrx_word' id='word_1_414' title='bbox 509 4233 650 4298; x_wconf 88' lang='lat' dir='ltr'><strong>ulterius</strong></span> <span class='ocrx_word' id='word_1_415' title='bbox 663 4244 793 4318; x_wconf 88' lang='lat' dir='ltr'><strong>tempus</strong></span> <span class='ocrx_word' id='word_1_416' title='bbox 816 4230 985 4297; x_wconf 87' lang='lat' dir='ltr'><strong>solutionis</strong></span> <span class='ocrx_word' id='word_1_417' title='bbox 1000 4230 1168 4329; x_wconf 81' lang='lat' dir='ltr'><strong>prorogari</strong></span> <span class='ocrx_word' id='word_1_418' title='bbox 1182 4240 1217 4295; x_wconf 90' lang='lat' dir='ltr'><strong>et</strong></span> 
     </span>
     <span class='ocr_line' id='line_1_48' title="bbox 70 4317 1218 4404; baseline -0.007 -15"><span class='ocrx_word' id='word_1_419' title='bbox 70 4326 197 4390; x_wconf 86' lang='lat' dir='ltr'><strong>differri</strong></span> <span class='ocrx_word' id='word_1_420' title='bbox 212 4323 437 4388; x_wconf 87' lang='lat' dir='ltr'><strong>decreverunt.</strong></span> <span class='ocrx_word' id='word_1_421' title='bbox 483 4322 529 4384; x_wconf 89' lang='lat' dir='ltr'><strong>Et</strong></span> <span class='ocrx_word' id='word_1_422' title='bbox 541 4320 571 4384; x_wconf 89' lang='lat' dir='ltr'><strong>si</strong></span> <span class='ocrx_word' id='word_1_423' title='bbox 589 4319 782 4383; x_wconf 90' lang='lat' dir='ltr'><strong>solutionem</strong></span> <span class='ocrx_word' id='word_1_424' title='bbox 797 4342 860 4383; x_wconf 92' lang='lat' dir='ltr'><strong>non</strong></span> <span class='ocrx_word' id='word_1_425' title='bbox 875 4317 1143 4404; x_wconf 86' lang='lat' dir='ltr'><strong>perimpleverrnt</strong></span> <span class='ocrx_word' id='word_1_426' title='bbox 1157 4337 1218 4401; x_wconf 89' lang='lat' dir='ltr'><strong>per</strong></span> 
     </span>
     <span class='ocr_line' id='line_1_49' title="bbox 0 4402 1216 4498; baseline -0.011 -18"><span class='ocrx_word' id='word_1_427' title='bbox 0 4458 4 4481; x_wconf 49' lang='lat' dir='ltr'><strong>t</strong></span> <span class='ocrx_word' id='word_1_428' title='bbox 71 4424 201 4498; x_wconf 82' lang='lat' dir='ltr'><strong>tempus</strong></span> <span class='ocrx_word' id='word_1_429' title='bbox 216 4410 428 4496; x_wconf 78' lang='lat' dir='ltr'><strong>assignatum,</strong></span> <span class='ocrx_word' id='word_1_430' title='bbox 445 4406 595 4471; x_wconf 90' lang='lat' dir='ltr'><strong>volumus</strong></span> <span class='ocrx_word' id='word_1_431' title='bbox 607 4413 646 4469; x_wconf 92' lang='lat' dir='ltr'><strong>ut</strong></span> <span class='ocrx_word' id='word_1_432' title='bbox 653 4416 768 4491; x_wconf 91' lang='lat' dir='ltr'><strong>postea</strong></span> <span class='ocrx_word' id='word_1_433' title='bbox 782 4426 844 4469; x_wconf 93' lang='lat' dir='ltr'><strong>non</strong></span> <span class='ocrx_word' id='word_1_434' title='bbox 855 4402 1014 4489; x_wconf 88' lang='lat' dir='ltr'><strong>recipiant</strong></span> <span class='ocrx_word' id='word_1_435' title='bbox 1028 4402 1216 4487; x_wconf 86' lang='lat' dir='ltr'><strong>hujusmodi</strong></span> 
     </span>
    </p>
   </div>
   <div class='ocr_carea' id='block_1_5' title="bbox 0 0 1504 4700">
    <p class='ocr_par' dir='ltr' id='par_1_7' title="bbox 0 0 1504 4700">
     <span class='ocr_line' id='line_1_50' title="bbox 0 0 1504 4700; baseline 0 5"><span class='ocrx_word' id='word_1_436' title='bbox 0 0 1504 4700; x_wconf 95' lang='lat' dir='ltr'><strong> </strong></span> 
     </span>
    </p>
   </div>
  </div>
 </body>
</html>
