3000 4700
274 206 317 275 62
479 212 613 278 &muta
626 216 665 295 os
673 209 792 294 Corpus
810 209 928 274 Ginai
945 209 1073 294 Callope,
1094 209 1224 292 Oaford.

274 373 401 440 interea
424 373 668 460 compleverint,
683 395 748 438 non
763 373 902 451 mereri3
925 371 1104 438 dummodo
1127 373 1215 437 intra
1230 393 1291 438 sex
1305 395 1436 438 menses

274 471 349 547 post
365 461 561 548 completum
576 462 671 526 illum
726 460 830 524 imum
843 481 964 524 annum
978 458 1020 522 ad
1037 458 1176 546 gradum
1192 461 1433 524 Baccalaurea-

275 556 329 611 tus
359 557 620 634 promoveantur.
681 481 876 629 ditansque
903 555 1016 610 autem
1044 546 1191 628 quemvis
1223 545 1367 632 gradum
1397 547 1432 610 iii

109 637 209 742 {⁸5³8
223 651 240 684 ⁸
263 633 433 698 dacultate
458 634 578 698 artium
599 643 676 697 ante
700 641 831 718 tempus
852 633 888 695 iii
903 631 964 696 hoe
978 640 1105 696 statuto
1120 653 1180 717 pro
1195 632 1311 696 eodem
1326 635 1435 717 gradu

110 697 341 801 fsssswffieblsibi
363 719 467 784 deseri
491 726 563 784 tuin
591 727 625 782 et
647 719 835 792 limitatum,
862 727 920 782 aut
931 719 1135 868 (priusquam
1163 718 1374 782 Prasidentis
1398 728 1435 783 et

109 814 255 873 presertim
277 806 456 891 Vicepraesi
480 806 567 869 entis
592 827 628 870 ae
651 812 843 870 ceterorum
862 826 929 892 pra
954 805 1095 867 ictorum
1118 806 1285 870 sententia
1310 803 1435 868 habilis

109 872 180 921 ω’
277 900 311 956 et
333 892 473 956 idoneus
499 891 541 955 ad
565 889 707 955 eundem
724 890 895 976 judicatus
918 889 1029 968 fuerit,
1053 889 1105 954 vel
1127 892 1294 976 suscipere
1315 890 1368 954 vel
1392 891 1437 956 ad

277 1001 353 1043 euin
367 978 501 1043 admitti
516 987 551 1042 et
569 978 730 1042 licentiari
745 985 785 1040 ut
799 976 967 1062 appellant
979 977 1234 1062 praesumpserit,
1250 976 1366 1042 Sosius
1389 977 1437 1040 sit

277 1065 431 1129 scholaris
455 1073 513 1128 aut
529 1063 716 1150 discipulus,
733 1085 774 1127 eo
790 1064 872 1148 ipso,
888 1061 1077 1127 immediate
1095 1071 1172 1148 post
1194 1063 1288 1128 illam
1301 1085 1436 1149 suscep-

278 1151 412 1229 tionem,
424 1150 654 1216 admissionem
670 1157 728 1212 aut
741 1149 1010 1227 licentiationem,
1022 1169 1157 1234 pronon
1171 1149 1274 1228 Socio,
1284 1148 1437 1213 scholare

279 1245 337 1302 aut
350 1235 523 1323 discipulo,
537 1237 569 1299 iii
582 1245 779 1323 perpetuum
791 1233 963 1298 habeatur.
1010 1233 1163 1299 Eandem
1175 1256 1307 1320 prauam
1318 1235 1438 1298 simili-

280 1333 329 1388 t'er
353 1325 501 1388 incurrat
523 1323 589 1405 qui,
613 1332 787 1409 postquam
815 1319 858 1384 ad
883 1321 1056 1384 biennium
1077 1321 1284 1406 probationis
1308 1321 1435 1385 electus

278 1409 388 1489 fuerit,
406 1409 449 1472 ad
471 1409 616 1492 quemvis
642 1407 781 1494 gradmn
807 1415 885 1470 ante
910 1412 983 1493 ejus
1006 1405 1238 1472 admissionem
1261 1408 1296 1470 in
1320 1429 1434 1471 verum

280 1496 420 1573 Socium,
435 1496 501 1558 iiisi
523 1515 562 1558 eo
587 1493 686 1557 inodo
708 1515 804 1576 quem
818 1515 919 1579 supra
934 1493 1182 1568 nominavimus,
1195 1515 1231 1557 se
1246 1494 1435 1578 promoveri

278 1590 336 1644 aut
353 1579 482 1646 admitti
497 1580 710 1664 quovismodo
727 1579 850 1644 fecerit.
895 1578 1114 1666 AdJ'icientes,
1130 1580 1274 1665 insuper,
1291 1592 1329 1643 ut
1343 1579 1436 1643 Prae·

110 1675 244 1748 pispensa-
278 1667 391 1731 sidens
405 1673 439 1731 at
457 1668 558 1753 major
571 1687 647 1752 pars
670 1675 797 1752 septem
818 1666 983 1730 seniorum
1001 1664 1129 1764 possint
1153 1665 1341 1752 dispensare
1355 1688 1435 1730 cuin

111 1736 251 1839 22¹3„wa
278 1754 373 1817 unico
397 1759 456 1816 aut
479 1752 606 1816 duobus
632 1752 833 1817 scholaribus
856 1759 916 1816 aut
940 1752 1044 1815 Sociis
1066 1773 1109 1814 ne
1133 1752 1273 1836 aliquem
1294 1751 1435 1838 gradum

110 1807 210 1911 segrege.
279 1845 465 1917 assumant3
488 1836 664 1902 dummodo
688 1838 755 1902 sint
777 1839 861 1902 tales
882 1837 940 1920 qui
960 1848 1028 1902 tam
1044 1837 1134 1902 docti
1157 1837 1341 1903 creduntur
1361 1861 1437 1904 esse

278 1926 380 1988 futuri
397 1926 512 1990 Groece
526 1934 560 1990 et
584 1925 704 1990 Latine
720 1935 760 1989 iit
779 1924 908 2010 possint
931 1932 966 1988 et
980 1923 1085 1988 velint
1098 1925 1135 1988 in
1155 1931 1297 2009 utraque
1314 1924 1436 2012 lingua

278 2011 465 2098 praelegere.
519 2012 720 2090 Statuentes,
737 2020 906 2097 praeterea,
922 2009 1020 2092 quod,
1036 2011 1294 2094 quotiescunque
1316 2012 1436 2076 Praesi-

279 2098 370 2177 dens‚
388 2099 508 2177 Sosius,
525 2097 702 2184 discipulus
728 2098 780 2161 vel
795 2097 907 2161 sacelli
921 2097 1080 2176 minister,
1097 2098 1199 2161 nostri
1223 2098 1367 2182 Collegii
1389 2098 1436 2163 ad

110 2179 235 2230 “emim
254 2265 264 2275 Π
278 2184 418 2268 gradum
431 2185 578 2268 quemvis
594 2185 628 2246 iii
643 2206 834 2266 quacunque
849 2183 1003 2247 facultate
1024 2184 1156 2247 realiter
1171 2206 1362 2248 ascensurus
1376 2184 1435 2258 sit,

111 2239 264 2358 percorum
278 2269 312 2332 in
329 2269 384 2334 die
398 2270 606 2334 admissionis
623 2270 779 2355 ejusdem,
800 2269 988 2348 Praesidens,
1003 2270 1032 2332 si
1053 2269 1088 2332 iii
1105 2269 1332 2334 Universitate
1354 2279 1435 2335 tunc

110 2370 249 2462 ⁰⁰mrp¹¹u
277 2378 418 2441 praesciis
437 2356 548 2430 luerit,
564 2378 599 2419 ac
623 2357 711 2419 Socii
725 2378 846 2435 omnes,
864 2355 1028 2421 scholares
1050 2364 1084 2419 et
1098 2356 1261 2443 discipuli,
1277 2380 1314 2421 ac
1329 2359 1434 2423 etiam

108 2429 180 2534 iffi}
193 2418 264 2522 ,iffi
276 2442 421 2506 ministri
443 2442 561 2514 sacelli,
586 2442 656 2504 sine
678 2442 914 2528 impedimento
941 2442 1100 2528 legitimo,
1120 2465 1180 2529 per
1197 2443 1440 2509 Praesidentem·

105 2533 198 2637 ghissa
218 2547 234 2579 ⁸
275 2550 333 2592 seu
349 2529 420 2614 ipso
436 2530 572 2593 absente
589 2549 649 2614 per
667 2528 979 2615 Vicepraesidentem
1000 2530 1116 2593 eodem
1139 2528 1194 2593 die
1209 2531 1434 2616 approbando,

140 2604 206 2651 “⁰‘'
273 2616 477 2692 comitatum,
494 2613 604 2679 eundo
620 2621 656 2679 et
678 2615 858 2688 redeundo,
884 2614 1064 2679 exhibeant
1086 2618 1311 2702 personalem3
1337 2626 1373 2681 et
1397 2619 1432 2682 in

272 2703 400 2765 actibus
416 2722 538 2778 eorum,
553 2709 774 2801 praeterquam
797 2700 877 2765 dum
897 2699 941 2765 ad
964 2702 1191 2788 incipiendum
1210 2701 1438 2769 admittuntur

276 2787 391 2869 (quod,
419 2788 471 2852 uti
495 2787 646 2861 diximus,
674 2788 838 2852 licentiari
860 2787 1056 2875 appellant),
1072 2789 1231 2853 interesse
1255 2797 1434 2855 teneantur

276 2894 388 2937 omnes
400 2873 488 2937 Socii
502 2882 537 2937 et
558 2874 723 2959 graduati‚
735 2873 798 2937 sub
813 2896 912 2960 poena
930 2874 1166 2939 subtractionis
1182 2876 1354 2941 convictus
1374 2898 1437 2963 per

274 2978 428 3034 inensem,
450 2960 516 3024 nisi
537 2961 629 3047 prius
649 2982 748 3024 caiisa
773 2960 958 3046 approbata
979 2982 1038 3046 per
1055 2960 1294 3054 Praesidentem
1316 2962 1371 3028 vel
1393 2984 1435 3029 eo

273 3045 410 3112 absente
425 3046 736 3133 Vicepraesidentem
751 3054 786 3111 et
802 3068 906 3111 unum
924 3047 1103 3112 Decanum.

436 3198 519 3283 Cap.
536 3198 588 3261 25.
611 3199 664 3262 De
678 3208 807 3283 tempore
820 3199 994 3262 assumendi
1007 3220 1110 3263 sacros
1123 3201 1254 3265 ordines.

318 3305 372 3371 Ne
387 3308 563 3393 quisquam
579 3328 613 3369 se
627 3306 833 3406 atDominico
847 3306 1036 3407 retrahatm
1042 3308 1196 3387 misterio,
1213 3308 1271 3373 sed
1285 3309 1433 3409 seipsum

273 3404 442 3542 stitit}
456 3402 1435 3569 tttttttttttttssttttt?{titt}{t‘ttit

108 3560 263 3665 {2915le
276 3561 444 3626 medicinae
468 3573 516 3627 est
532 3562 573 3626 de
598 3572 722 3662 utatus,
739 3564 827 3627 intra
854 3586 979 3631 annum
1001 3575 1077 3653 post
1101 3570 1314 3633 necessariam
1338 3592 1433 3634 suain

108 3634 267 3723 Mdtereiqgf
276 3648 456 3747 regentium
480 3586 686 3733 completam,
703 3651 938 3748 impedimento
953 3651 1117 3720 duntaxat
1141 3656 1255 3719 atatis
1274 3665 1433 3737 cessante,

108 3735 224 3839 apelli?
276 3747 310 3796 et
325 3754 383 3881 qui
395 3754 456 3833 per
471 3743 599 3797 aetatem
615 3744 692 3798 tunc
707 3736 888 3822 impeditus
900 3738 1002 3805 hierit
1016 3740 1105 3805 intra
1119 3762 1242 3806 annum
1257 3752 1433 3829 postquam

105 3807 234 3900 „fflssfflf'i
277 3817 321 3919 ad
349 3828 518 3919 egitiinam
532 3827 665 3919 atatem
682 3827 878 3907 pervenerit,
889 3824 933 3889 ad
946 3826 1164 3891 sacerdotium
1179 3838 1431 3916 promoveatur3

276 3926 325 3969 sin
340 3926 458 4005 minus,
476 3926 610 4007 0⁰,ffl'802
624 3917 699 3993 post
714 3908 842 3996 lapsum
859 3911 952 3975 illius
971 3913 1059 3990 anni,
1070 3936 1130 4000 pro
1146 3936 1210 3978 noir
1226 3914 1317 3979 Socio
1328 3914 1432 4002 hujus
1480 3993 1487 4007 ‚

275 4002 376 4093 nostri
387 3991 529 4079 Collega
544 4015 578 4056 in
603 4004 803 4081 perpetuum
826 3996 997 4063 habeatur.
1043 3999 1135 4065 Ante
1151 4010 1262 4065 tamen
1281 4000 1430 4087 gradum

274 4080 505 4179 Magistratus,
521 4080 633 4144 nullus
649 4081 772 4160 Socius,
783 4083 937 4148 scholaris
952 4093 1012 4148 aut
1020 4083 1211 4187 discipulus,
1222 4086 1267 4151 ad
1281 4087 1430 4174 aliquem

273 4165 422 4230 ordinem
435 4188 561 4231 sacrum
571 4179 813 4254 promoveatur.
857 4171 1110 4244 Contrafaciens,
1124 4184 1214 4238 intra
1229 4182 1294 4238 tres
1304 4196 1429 4239 menses

182 4327 188 4341 ι
273 4252 421 4350 prouime
431 4262 615 4339 sequentes,
628 4276 647 4315 a
659 4254 850 4342 Collegioin
864 4266 1062 4345 perpetuum
1078 4258 1223 4323 discedat
1229 4284 1239 4336 3
1254 4261 1304 4323 siii
1318 4261 1428 4325 minus

104 4326 386 4433 fflffirstatim
410 4339 605 4425 expellatur.
656 4341 700 4404 Et
722 4340 752 4403 si
774 4342 860 4405 forte
884 4364 1041 4406 numerus
1064 4343 1268 4409 sacerdotum
1293 4357 1329 4410 et
1343 4347 1427 4411 Soci-

27 4493 49 4500 „
103 4442 137 4489 of
150 4444 239 4502 prieris
274 4442 368 4483 orum
388 4423 433 4487 sit
454 4424 536 4487 adeo
552 4425 733 4490 diminutus
756 4438 796 4491 ut
820 4448 883 4490 uon
907 4430 1034 4513 possint
1058 4440 1126 4494 tres
1144 4431 1253 4494 missae
1283 4432 1428 4518 (excipio
