3000 4700
273 235 316 299 60
477 231 613 299 Statulae
626 236 666 319 eff
677 231 795 318 Corpus
808 229 932 296 'carata‘
947 228 1073 312 Callope,
1093 222 1223 308 Osford.

273 417 344 460 suae
367 397 563 461 'necessariae
592 396 754 482 regentia
778 393 951 479 completo,
978 390 1093 454 statim
1116 386 1159 450 ad
1184 404 1313 449 sacram
1338 384 1430 448 theo·

273 481 395 568 logiam
407 504 442 546 se
457 481 629 554 divertant,
643 482 674 546 ei
690 491 757 546 tam
773 480 949 564 diligenter
969 497 1101 563 operam
1119 474 1237 536 dantes
1250 481 1292 534 ut
1312 478 1431 533 octavo

273 576 349 655 post
365 566 505 653 gradum
522 567 741 654 Magistratus
751 564 907 651 adeptum
922 585 1007 628 anno
1018 562 1062 625 ad
1078 562 1234 624 lecturam
1249 557 1332 622 libri
1347 557 1432 655 §en-

276 654 454 718 tentiarum
469 654 696 726 admittantur,
720 661 755 718 et
780 651 912 714 omnino
936 653 1209 734 promoveantur3
1236 667 1274 708 ac
1298 642 1432 720 deinde,

113 753 218 798 uouere
237 753 264 796 to
277 747 354 804 ante
376 749 505 804 sextum
527 763 651 804 annum
672 738 870 824 completum
886 745 962 824 post
977 735 1118 821 gradum
1142 730 1432 805 Baccalaureatus,
1494 746 1495 761 ¹

113 809 247 914 {⁸0³2ssth
278 834 370 891 actus
392 849 503 890 omnes
529 826 736 891 scholasticos
750 834 784 888 et
798 833 917 887 caetera
941 823 984 886 ad
998 819 1138 906 gradum
1155 819 1363 914 Doctoratus
1383 837 1434 877 re-

115 882 209 998 Dficlor
224 926 254 970 of
278 913 410 996 quisita,
433 921 551 998 praeter
572 913 748 976 lectionum
769 931 849 993 quas
872 909 1053 972 ordinarias
1075 905 1247 1002 appellant
1268 901 1434 977 auditum,
1495 918 1496 971 t

113 985 231 1044 D1v1n1ty
234 1018 240 1030 ·
279 998 474 1084 compleant,
489 1008 523 1063 et
546 998 717 1083 adipsum
742 998 940 1061 Doctoratus
969 1016 1070 1058 sacrae
1092 991 1268 1074 theolograe
1291 988 1435 1072 gradum

281 1086 453 1150 actualiter
467 1084 619 1150 advolent
631 1110 640 1162 3
654 1084 719 1148 nisi
734 1103 889 1147 excausa
906 1080 1099 1145 rationabili
1112 1078 1253 1163 probata
1266 1097 1328 1160 per
1345 1075 1436 1137 Prae-
1494 1147 1498 1157 ,

281 1171 445 1236 sidentem
460 1180 493 1235 et
509 1185 632 1255 septem
652 1171 804 1248 seniores,
820 1176 878 1230 aut
901 1189 958 1251 per
976 1165 1210 1230 Praesidontem
1225 1168 1260 1224 ct
1272 1166 1437 1245 majorem

280 1267 409 1342 partem
423 1257 613 1335 eorundem,
635 1263 700 1320 tem
726 1277 768 1319 us
785 1251 1029 1340 prorogandum
1047 1260 1081 1314 et
1101 1246 1327 1313 differendum
1344 1245 1438 1309 vidc-
1496 1270 1497 1277 ¹

283 1352 368 1420 atur,
392 1353 451 1406 aut
473 1343 569 1406 aliter
591 1342 634 1406 ab
655 1278 779 1406 eisdem
804 1338 1028 1425 dispensatum
1042 1338 1151 1400 luerit.
1198 1332 1266 1394 Sed
1283 1335 1319 1395 in
1338 1332 1437 1396 theo-

281 1427 377 1513 logiae
402 1429 616 1492 Baccalaureo
637 1436 766 1514 tempus
790 1447 855 1490 non
881 1425 970 1489 ultra
996 1424 1075 1487 noni
1100 1421 1302 1485 annifinem
1326 1419 1437 1504 porri·
1494 1463 1499 1493 ,

282 1525 388 1598 gatur.
436 1515 480 1578 Et
509 1514 648 1598 singulis
676 1513 826 1596 deinceps
848 1511 954 1589 annis,
982 1532 1087 1593 usque
1115 1508 1159 1572 ad
1188 1506 1390 1569 decennium
1417 1527 1439 1567 a

119 1597 233 1700 {emona
242 1598 270 1699 ff}
282 1599 476 1670 Doctoratu,
492 1600 671 1684 septicam
686 1599 849 1681 aliquibus
863 1600 955 1676 urbe,
971 1595 1104 1683 oppido.
1118 1600 1178 1658 aut
1192 1593 1310 1692 saltem
1326 1593 1438 1690 burgo

117 1669 270 1774 eigilbe-
282 1685 431 1772 amplavc
440 1685 605 1771 parochia,
621 1686 685 1748 nisi
706 1706 793 1748 mors
808 1707 864 1748 eos
878 1684 1004 1747 interea
1018 1689 1223 1766 occupaverit
1238 1687 1299 1741 aut
1322 1699 1438 1763 grav1s

116 1776 176 1819 ton.
279 1771 451 1835 infirmitas
463 1779 497 1835 et
505 1770 664 1835 diuturna
677 1770 781 1834 aliave
794 1790 893 1834 causa
906 1770 995 1832 licita
1005 1791 1061 1832 eos
1073 1768 1224 1852 legitime
1231 1764 1437 1851 impedierit,

279 1857 422 1940 quilibet
436 1879 548 1920 eorum
565 1858 755 1934 Doctorum,
768 1857 804 1919 in
819 1857 939 1920 virtute
962 1855 1146 1930 'uramenti,
1161 1851 1288 1938 populo
1299 1850 1437 1936 publice

278 1942 432 2043 praedicet
450 1941 654 2030 temporibus
677 1943 803 2006 subscri
826 1942 869 2006 tis
879 1968 889 2020 3
912 1880 1075 2018 videlicet,
1089 1941 1123 2003 in
1136 1937 1436 2029 Adventusemel,

279 2038 368 2094 mtra
378 2029 661 2116 SeptuageSimam
673 2037 706 2092 et
717 1966 1013 2115 Quadiagesimam
1023 2026 1134 2099 semel,
1141 2026 1231 2088 intra
1238 2022 1438 2110 Quadrage·

279 2117 397 2180 simam
415 2126 449 2180 et
465 2116 591 2180 Pascha
605 2116 667 2189 bis,
681 2115 772 2178 intra
785 2113 971 2197 quindecim
986 2112 1057 2177 dies
1079 2123 1157 2176 ante
1171 2111 1225 2175 vel
1246 2118 1325 2198 post
1351 2111 1437 2173 Pen-

278 2211 422 2266 tecosten
452 2202 569 2278 semel;
599 2210 634 2266 et
664 2207 822 2287 praeterea
850 2200 903 2264 bis
929 2199 1134 2284 temporibus
1163 2219 1185 2261 a
1211 2199 1322 2282 seipso
1353 2195 1438 2259 deli-

280 2288 416 2374 gendis,
431 2288 480 2350 ita
491 2295 529 2350 ut
544 2287 644 2353 semel
658 2290 692 2350 in
708 2286 766 2349 illo
781 2285 935 2350 decennio
951 2308 1037 2349 unus
1048 2307 1088 2348 ex
1098 2283 1151 2348 his
1165 2283 1376 2346 sermonibus
1392 2283 1439 2347 sit

280 2373 323 2435 ad
336 2374 475 2437 Crucem
493 2375 572 2437 Divi
592 2374 686 2437 Pauli
702 2374 754 2437 vel
773 2372 948 2459 Hospitale
962 2370 1077 2436 Beatae
1092 2372 1213 2436 Mariae
1229 2369 1390 2443 Londini,
1407 2370 1439 2433 si

280 2458 388 2523 locum
402 2467 435 2522 et
450 2459 640 2523 facultatem
655 2460 703 2523 ibi
716 2459 893 2545 impetrare
907 2460 1021 2543 possit.
1067 2456 1195 2522 Eadem
1209 2456 1312 2520 etiam
1326 2459 1440 2521 omnia

116 2540 217 2645 ffissf,
239 2553 255 2585 ⁸
281 2551 315 2609 et
338 2544 487 2608 similiter
500 2546 621 2609 faciant
636 2545 846 2611 Baccalaurei
869 2543 1043 2630 theologiae
1065 2554 1100 2607 et
1120 2543 1279 2629 Magistri
1298 2544 1436 2622 artium,

118 2612 231 2716 aegras
281 2629 476 2710 sacerdotes,
491 2632 519 2694 si
540 2640 617 2697 ante
637 2632 852 2696 Doctoratum
876 2633 911 2694 in
936 2631 1102 2715 theologia
1118 2652 1137 2693 a
1151 2639 1264 2693 nostro
1280 2629 1439 2716 Collegio

117 2716 261 2819 petephren.
282 2715 481 2779 decesserint
497 2725 619 2803 etpost
633 2717 800 2783 decessum
818 2740 838 2781 a
853 2717 1003 2803 Collegio
1026 2716 1069 2780 ad
1095 2718 1311 2780 Doctoratum
1324 2718 1439 2781 erola·

116 2787 224 2891 gaineri.
281 2801 395 2879 verint,
408 2824 467 2887 per
476 2801 668 2868 decennium
682 2806 725 2868 ab
738 2826 852 2868 eorum
870 2805 1050 2867 Doctoratu
1064 2802 1324 2889 supputandum.
1350 2804 1439 2867 Lec-

279 2894 374 2951 turas
387 2896 498 2953 tamen
513 2890 661 2975 publicas
675 2898 708 2954 et
723 2891 878 2976 privatas,
896 2888 938 2953 ad
954 2912 1037 2975 quas
1059 2912 1119 2975 pro
1134 2890 1247 2973 quovis
1267 2889 1377 2975 gradu
1400 2891 1438 2954 in

279 2973 447 3061 theologia
476 2986 534 3039 aut
572 2976 699 3040 artibus
736 2976 944 3062 suscipiendo
977 2977 1028 3041 vel
1053 2984 1206 3061 suscepto
1232 2998 1274 3041 ex
1296 2977 1439 3042 statutis

281 3060 517 3126 Universitatis
542 3062 668 3127 astricti
692 3061 826 3138 suerint,
839 3062 968 3126 remitti
981 3062 1224 3149 permittimus3
1251 3061 1439 3129 dummodo

280 3146 424 3230 aliquam
447 3148 618 3213 lectionem
643 3149 809 3235 publicam
833 3149 886 3212 vel
912 3149 1039 3221 saltem,
1061 3149 1214 3212 omnibus
1241 3148 1441 3215 domesticis

279 3255 353 3297 eam
376 3234 490 3299 audire
510 3236 707 3311 volentibus,
730 3236 905 3323 privatam,
921 3258 980 3321 per
1003 3235 1177 3320 praedictos
1199 3236 1439 3323 assignandam

281 3326 323 3419 pt·
338 3343 450 3385 eorum
473 3320 611 3422 arbitrio
633 3321 900 3403 continuandam,
929 3322 975 3422 iu·
989 3344 1101 3385 earum
1130 3323 1439 3408 compensationem

118 3500 254 3553 mna
281 3408 942 3581 tlt}“littteltltltltt
960 3408 1441 3581 dimittimini&

116 3566 210 3685 {1⁸1}ssss
229 3577 271 3669 g}
282 3590 422 3661 quatuor
444 3601 571 3645 menses
594 3581 759 3667 proximos
782 3588 859 3667 post
882 3589 1013 3668 tempus
1036 3580 1103 3645 sibi
1125 3582 1161 3645 in
1177 3603 1216 3645 ea
1229 3590 1326 3667 parte
1352 3602 1443 3668 prae·

116 3696 182 3744 gree.
282 3664 440 3747 scriptum
458 3675 492 3729 et
507 3665 695 3746 limitatum,
712 3667 886 3733 actualiter
899 3677 1070 3753 promotus
1089 3688 1154 3732 non
1169 3667 1280 3748 fuerit,
1296 3668 1326 3731 si
1343 3669 1440 3736 intra

280 3750 363 3815 illud
385 3760 516 3838 tempus
530 3754 625 3817 luerit
650 3762 741 3819 actus
764 3754 918 3855 publicus
941 3754 976 3817 in
995 3754 1223 3819 Universitate-
1241 3752 1276 3817 in
1299 3756 1438 3823 artibus

279 3846 338 3903 aut
350 3837 525 3925 theologia,
536 3840 605 3905 sive
622 3840 736 3905 Socius
752 3850 797 3907 stt
812 3841 880 3906 sive
901 3840 1093 3928 discipulus,
1106 3841 1195 3906 intra
1207 3862 1355 3905 mensem
1373 3865 1438 3908 ex-

278 3933 356 3991 tunc
378 3926 526 4013 proxime
549 3936 625 4014 post
648 3928 720 3993 illos
743 3938 884 4013 quatuor
906 3950 1034 3993 menses
1057 3936 1250 4011 sequentem
1274 3950 1294 3992 a
1315 3938 1438 3997 nostro

280 4012 431 4100 Collegio
446 4023 606 4101 perpetuo
626 4016 699 4104 ipso
713 4016 799 4080 lacto
823 4023 1034 4093 amoveatur3
1059 4014 1124 4079 nisi
1143 4014 1250 4078 solum
1264 4016 1375 4101 gratia
1399 4027 1438 4082 et
1479 4014 1486 4027 “

277 4102 411 4166 lacultas
425 4101 637 4186 promovendi
654 4103 705 4167 illi
720 4103 762 4167 ab
777 4102 1004 4168 Universitate
1020 4110 1055 4166 et
1072 4102 1129 4165 Ma
1155 4100 1327 4165 istratibus
1342 4103 1438 4189 ejus-

277 4187 352 4250 dcm
375 4196 455 4251 tunc
479 4198 600 4275 negata
624 4211 700 4253 eum
721 4212 740 4253 a
764 4187 870 4275 gradu
893 4187 1083 4252 hu'usmodi
1104 4124 1265 4258 ccdribeat,
1279 4209 1341 4272 pro
1363 4212 1438 4273 qua

277 4283 386 4336 tamen
416 4282 482 4336 tem
509 4275 622 4339 oribus
644 4276 906 4362 competentibus
936 4212 1131 4351 l‘raesidens,
1156 4272 1434 4358 Vicepraesidens,

278 4359 407 4422 Decani
420 4368 454 4422 et
505 4361 733 4446 ispensatores,
749 4384 786 4425 ac
800 4360 1131 4448 ipsepromorendus,
1147 4359 1182 4421 in
1198 4360 1322 4423 virtute
1337 4362 1436 4447 jura-

277 4444 390 4521 menti,
400 4443 577 4530 diligenter
588 4454 624 4511 et
637 4446 778 4513 fideliter
792 4447 917 4512 instare
926 4453 1100 4511 tencantur
1108 4469 1118 4522 ;
1132 4466 1183 4522 ac,
1192 4466 1232 4509 ca
1242 4444 1434 4534 impetrata,
