3000 4700
236 181 297 246 106
436 181 571 251 &mutet
585 180 624 266 qs
636 177 753 263 Corpus
768 175 888 253 ,Christi
905 175 1030 262 Callope,
1051 175 1182 261 Orford.

232 373 334 423 sensu
354 350 452 424 irrita
473 348 514 420 sit
533 345 722 435 hujusmodi
745 346 896 433 expulsio
917 353 951 410 et
974 344 1075 422 nulla,
1100 345 1172 431 ipso
1197 343 1297 410 facto.
1347 343 1388 406 Et
1492 363 1497 440 j

234 439 379 524 insuper,
405 436 435 500 si
454 443 570 500 contra
593 432 830 506 Praesidentem
855 432 896 496 ad
917 432 1114 505 amotionem
1138 432 1181 495 ab
1201 430 1310 496 officio
1327 451 1388 514 per

234 521 422 608 hujusmodi
443 521 572 594 domini
592 520 746 607 Episcopi
766 518 1043 598 Commissarium,
1064 517 1164 582 etiam
1179 519 1389 582 eonsentien-

235 612 324 676 tibus
340 609 447 679 tribus
462 615 502 672 ut
515 607 689 694 praefertur
704 605 897 682 senioribus,
917 606 1119 690 procedatur,
1142 626 1207 667 non
1223 623 1388 687 negamus

236 697 269 760 ei
281 718 392 761 omnes
406 694 556 778 querelas
572 701 607 769 et
621 692 823 756 defensiones
834 697 941 778 qutas
957 699 990 755 et
1003 691 1157 756 honestas
1173 689 1263 776 apud
1277 691 1389 776 ipsum

236 782 405 848 dominum
431 783 631 867 Episcopum
653 779 922 854 wintoniensem,
948 777 1126 841 dummodo
1149 775 1293 841 ulterius
1321 797 1388 838 non
1494 818 1497 826 ,

236 870 376 955 apellet3
406 889 474 932 non
503 868 657 933 obstante
680 872 795 942 nostra
815 859 1027 930 ordinatione
1050 863 1208 951 praedicta
1232 873 1289 927 aut
1312 861 1389 928 aliis
1490 943 1497 960 .

236 956 494 1038 quibuscunque.

465 1088 546 1179 Cap.
563 1088 615 1153 54.
644 1087 803 1154 Gorrclusio
818 1092 950 1154 omnium
965 1097 1155 1152 statutorum.

283 1214 430 1280 Peractis
450 1218 520 1301 jam
544 1212 666 1278 nostris
691 1212 854 1277 institutis
877 1219 912 1276 et
933 1211 1074 1297 legibus,
1099 1231 1172 1292 quae
1186 1207 1276 1272 utin
1291 1228 1391 1270 omne

239 1323 343 1366 avum
363 1307 578 1386 permaneant
594 1299 753 1365 inviolata
766 1297 972 1385 pientissima
988 1303 1192 1382 exoptamus,
1208 1317 1247 1356 ac
1268 1293 1390 1356 Praesi-

238 1386 372 1451 dentem
387 1396 422 1453 et
444 1392 577 1449 eaeteros
599 1407 711 1450 omnes
734 1385 840 1449 nostri
860 1383 1014 1471 collegii,
1031 1383 1249 1468 cujuscunque
1263 1379 1391 1444 fuerint
1490 1398 1497 1426 ¹

240 1472 362 1558 gradus
385 1479 444 1538 aut
458 1471 594 1549 ordinis,
609 1479 648 1536 ut
662 1476 700 1534 ad
717 1493 831 1536 eorum
846 1470 1108 1534 observationem
1125 1467 1195 1530 dies
1212 1473 1390 1548 noctesque

239 1558 424 1644 invigilent,
434 1559 614 1631 enitantur,
624 1558 716 1620 omni
726 1566 856 1642 torpore
866 1578 999 1621 excusso
1014 1554 1194 1632 elaborent,
1204 1553 1390 1627 hortamur,
1494 1561 1497 1622 ξ

240 1646 457 1722 obsecramus,
482 1650 517 1707 et
534 1644 570 1708 in
585 1645 709 1707 virtute
727 1645 870 1728 corporis
890 1651 924 1706 et
945 1641 1115 1728 sanguinis
1138 1641 1222 1705 Jesu
1247 1638 1389 1716 Christi,

240 1752 313 1813 quas
329 1730 377 1804 eis
392 1728 559 1794 adoranda
570 1730 810 1815 proposuimus,
823 1729 1033 1794 obtestamur.
1068 1727 1266 1792 Extremam
1276 1725 1392 1807 itaque

241 1825 447 1902 apponentes
463 1837 596 1880 manum
620 1816 764 1903 paucula
783 1815 964 1902 adjicienda
978 1814 1143 1889 duximus,
1158 1835 1230 1895 quae
1246 1811 1288 1874 ad
1305 1834 1391 1897 prae-
1496 1853 1497 1858 κ

241 1902 403 1970 dictorum
416 1910 616 1968 statutorum
626 1895 795 1973 clariorem
807 1912 840 1966 et
849 1900 1075 1965 dilucidiorem
1086 1900 1276 1964 attinebunt
1286 1898 1389 1962 inter·
1495 1921 1497 1934 ³

79 2009 212 2054 somnone
265 1989 470 2061 rotationem,
487 1996 521 2053 et
535 2010 608 2071 quae
630 1997 788 2074 praeterea
801 1986 993 2074 peragenda
1012 1986 1227 2062 decrevimus,
1242 1985 1269 2047 si
1285 1984 1392 2067 (quod
1493 2009 1495 2016 ’

78 2069 223 2171 topatups
240 2009 335 2140 bens
347 2082 475 2141 avertat
486 2076 509 2158 l)
527 2073 679 2140 redditus
694 2083 727 2138 et
742 2084 920 2160 proventus
935 2071 1204 2157 nostriCollegii,
1218 2070 1392 2134 autetiam

79 2139 220 2231 haiil*
241 2161 376 2226 aedificia
394 2161 500 2226 aliave
519 2161 607 2224 bona
627 2160 785 2246 ejusdem,
810 2159 1005 2230 decrescant,
1026 2158 1267 2230 labefactentur,
1289 2165 1391 2220 ruant
1495 2187 1497 2218 ÷

79 2259 208 2305 Vtolution
243 2256 301 2312 aut
310 2270 385 2310 cum
394 2247 519 2333 insigni
527 2246 644 2318 damno
656 2246 811 2310 labantur
820 2254 878 2311 aut
888 2246 1090 2309 minuantur.
1115 2244 1279 2322 Quoniam
1288 2243 1392 2328 igitur
1487 2275 1497 2326 ,ι

78 2317 223 2423 premes
242 2333 277 2397 in
285 2333 447 2419 plerisque
456 2332 576 2400 nostris
588 2333 721 2397 statutis
733 2331 946 2398 Praesidentis
955 2331 1197 2403 auctoritatem,
1207 2329 1391 2409 eonsilium,
1488 2333 1497 2357 ⁸

79 2391 146 2494 alut,
242 2440 384 2505 operam,
398 2418 572 2503 judicium,
587 2420 795 2504 praesentiam
809 2419 862 2484 vel
877 2418 1090 2505 diligentiam,
1107 2417 1221 2481 adesse
1238 2417 1290 2481 vel
1305 2438 1391 2516 proe-

242 2525 312 2570 esse
322 2513 474 2589 oportere
483 2503 695 2581 decrevimus,
704 2506 840 2584 nullam,
851 2505 1043 2577 etsinostrae
1053 2504 1088 2567 in
1100 2503 1147 2567 eis
1156 2504 1323 2568 voluntatr
1333 2512 1391 2567 aut

242 2590 354 2655 studio
370 2591 505 2655 minime
520 2592 727 2675 obsequatur,
743 2599 866 2656 certam
880 2612 1008 2677 poenam
1026 2589 1237 2675 adjicientes;
1258 2588 1389 2667 idcirco,

242 2698 285 2747 ne
299 2676 438 2762 supinus
461 2677 613 2741 dormitet
637 2684 695 2741 aut
722 2678 876 2742 audacior
900 2676 1178 2759 confidentiorque
1193 2684 1391 2750 contemnat,
1489 2732 1497 2767 p

242 2762 340 2827 licere
356 2762 509 2845 quicquid
523 2763 626 2826 libeat
642 2764 828 2837 arbitratus,
844 2772 989 2828 mentem
1004 2772 1148 2827 nostram
1164 2763 1213 2826 ita
1227 2763 1391 2849 interpre-
1496 2784 1497 2791 ¹

242 2856 373 2925 tamur3
396 2857 436 2912 ut
458 2848 645 2925 Praesidens
667 2851 770 2927 nostri
783 2850 938 2936 Collegii,
952 2850 1078 2931 quoties
1093 2872 1154 2913 sua
1173 2849 1269 2935 culpa
1285 2849 1390 2935 gravi,
1496 2912 1497 2916 ,

244 2943 435 3021 contemptu
458 2946 517 2999 aut
534 2935 655 3021 supina
678 2936 890 3021 negligentia,
914 2935 1034 3018 aliquid
1052 2937 1204 2999 omissum
1226 2943 1276 2999 est
1301 2935 1390 3018 quod
1495 2944 1497 2957 '

243 3020 430 3086 faciendum
445 3022 639 3095 censuimus,
654 3029 714 3086 aut
726 3021 847 3086 factum
861 3021 949 3106 quod
964 3043 1004 3083 ne
1017 3024 1072 3085 fiat
1086 3020 1326 3107 prohibuimus,
1340 3029 1391 3083 to·
1482 3063 1497 3087 ⁴,

81 3093 117 3137 ⁰¹
126 3090 215 3137 ochas.
244 3108 307 3173 ties
322 3130 452 3194 poenam
466 3108 604 3193 perjurii
617 3108 689 3194 ipso
699 3107 785 3172 facto
798 3110 950 3172 incurrat.
988 3106 1180 3184 Quinetiam
1190 3108 1285 3185 Socii,
1297 3107 1392 3170 scho·
1494 3088 1497 3113 ⁶

240 3193 328 3259 lares
344 3216 382 3259 ac
397 3194 561 3281 discipuli,
572 3193 711 3277 quodvis
727 3205 875 3259 nostrum
891 3202 1061 3263 statutum,
1077 3205 1330 3280 praetereaque
1346 3192 1390 3257 ad

244 3303 350 3345 mores
366 3281 520 3357 attinent,
533 3302 670 3353 suumve
684 3280 867 3365 profectum
879 3288 938 3345 aut
949 3281 1138 3344 exercitium
1152 3277 1389 3354 scholasticum,

243 3367 416 3438 violantes,
438 3366 593 3432 similiter
618 3366 797 3451 perjurium
818 3366 995 3430 incurrant.
1039 3366 1078 3429 In
1098 3364 1150 3429 his
1173 3378 1283 3431 autem
1305 3388 1390 3430 nun·
1494 3372 1497 3381 ’

244 3474 342 3535 quam
357 3452 420 3516 nisi
434 3452 494 3516 ubi
509 3452 543 3514 in
558 3451 627 3514 vim
644 3450 827 3533 juramenti
841 3474 988 3537 expresse
1008 3451 1203 3537 astringitur
1223 3455 1273 3516 vel
1291 3474 1391 3534 poena

244 3538 383 3623 perjurii
403 3558 555 3621 expresse
582 3534 758 3621 infligitur,
781 3537 834 3603 vel
862 3538 928 3602 nisi
956 3560 1086 3623 poenam
1118 3537 1216 3603 aliam
1242 3537 1391 3623 legitime
1494 3618 1495 3621 Ἴ

244 3622 402 3687 inflictam
426 3622 539 3686 subire
555 3624 790 3707 contempserit,
807 3624 840 3687 in
862 3623 913 3687 his
935 3646 1013 3688 vero
1035 3646 1180 3710 semper..
1217 3623 1389 3707 Quumque
1495 3680 1497 3707 ζ

83 3708 331 3791 Anqnoeofidem
361 3706 544 3772 Praesidens
573 3708 608 3770 in
642 3730 702 3771 suo
727 3714 917 3794 juramento
945 3709 987 3773 ad
1016 3718 1138 3775 certam
1167 3709 1389 3791 residentiam,
1495 3712 1497 3719 ‘

83 3779 219 3827 Pronum.
244 3804 460 3880 praeterquam
483 3794 518 3858 in
539 3794 682 3880 negotiis
704 3793 859 3883 Collegii,
880 3796 1081 3882 astringitur,
1107 3819 1147 3859 ne
1171 3819 1280 3861 eorum
1302 3819 1388 3883 prae·

244 3887 343 3945 textu
366 3879 491 3945 diutius
517 3902 615 3963 quam
639 3882 816 3947 statuimus
846 3904 865 3947 a
889 3880 1039 3968 Collegio
1068 3883 1183 3947 abesse
1205 3894 1404 3969 praesumat,¹

243 3968 507 4068 interpretamur,
518 3966 721 4032 decernimus
731 3977 766 4033 et
775 3968 987 4048 declaramus,
997 3991 1072 4034 eum
1080 3992 1251 4053 nunquam
1260 3992 1391 4034 censen·
1466 4024 1472 4035 .
1495 3966 1497 3969 ’

244 4053 323 4119 dum
333 4077 367 4118 m
378 4055 520 4139 negotiis
532 4054 646 4117 abesse
655 4054 807 4141 collegii,
819 4055 882 4119 nisi
891 4054 1021 4138 quando
1032 4056 1067 4119 in
1081 4056 1183 4120 altero
1196 4057 1239 4119 sit
1250 4056 1391 4141 jubente
1493 4104 1497 4120 .

243 4147 371 4205 statuto
379 4161 565 4225 progressu,
577 4139 631 4204 vel
641 4139 732 4219 alias,
745 4163 784 4204 ex
797 4150 886 4205 certa
898 4163 1051 4226 expressa
1059 4150 1095 4207 et
1103 4142 1238 4227 urgenti
1249 4140 1392 4227 Collegii

243 4247 351 4304 causa,
362 4247 424 4311 per
440 4226 551 4289 Socios
566 4225 620 4289 vel
634 4226 785 4294 seniores.
796 4229 896 4310 juxta
909 4228 1046 4292 sormam
1060 4235 1094 4291 et
1110 4227 1313 4311 exigentiam
1327 4237 1391 4293 sta·

244 4312 308 4374 tuti
325 4311 504 4375 emittatur.
551 4310 700 4388 Quodsi,
716 4313 924 4397 negotiorum
936 4312 1079 4398 Collegii
1094 4321 1152 4377 aut
1167 4313 1303 4379 alterius
1316 4336 1390 4380 cau·

244 4417 288 4458 sae
302 4398 520 4481 cujuscunque
541 4404 713 4481 praetextu,
731 4397 827 4461 aliter
842 4398 893 4461 vel
909 4397 1033 4462 diutius
1049 4422 1069 4463 a
1084 4398 1234 4483 Collegio
1250 4399 1393 4466 abfuerit

245 4502 342 4561 quam
359 4488 472 4543 nostra
486 4491 612 4545 statuta
625 4503 775 4566 expresse
790 4483 993 4567 permittant,
1017 4505 1054 4547 eo
1076 4485 1147 4569 ipso
1167 4486 1237 4569 ejus
1252 4486 1393 4554 officium

1320 4649 1497 4697 -4
