3000 4700
279 203 464 290 Stotutcrrff
476 203 595 288 Corpus
614 203 732 269 Ctrr‘str'
748 204 877 290 Callope,
897 206 1026 292 chord.
1187 206 1226 270 61

1 399 3 408 »
68 364 144 452 ipse
167 367 256 431 intra
279 375 348 431 tres
371 366 494 432 autad
518 389 683 432 summurn
707 377 850 452 quatuor
871 391 1010 449 menses,
1026 371 1089 434 sub
1113 371 1229 436 eadem

68 474 174 537 poena
188 475 287 537 qnam
311 453 323 516 i
348 475 384 518 so
405 455 491 519 farto
505 475 580 518 eum
602 456 768 521 incurrere
782 455 996 536 decernimus,
1014 457 1229 524 effectualiter

0 559 2 564 ·
69 537 115 602 ad
141 540 233 603 illum
261 476 403 625 gradum
428 549 582 605 teneatur
604 543 798 627 promoveri.
843 542 946 606 Sociis
969 551 1079 607 tamen
1102 545 1160 627 qui
1183 544 1342 608 adFellowr

69 624 214 709 gradum
236 627 385 709 quemvis
408 627 441 688 in
461 627 618 692 facultate
643 629 765 692 artium
789 629 991 713 temporibus
1015 651 1116 729 supra
1140 609 1390 727 rimi-gfflss

68 712 153 774 tatis
176 712 341 776 inhabiles
356 711 587 798 praedictorum
603 714 729 800 judicio
747 715 967 800 reperiuntur,
991 715 1021 778 si
1035 717 1225 782 vrcesimum
1237 732 1297 772 arta.

67 798 223 878 quintum
234 821 306 862 snae
321 799 430 862 aetatis
444 821 567 862 annum
585 822 648 862 non
661 800 843 885 attigerint,
853 822 954 883 usque
970 800 1012 864 ad
1024 801 1107 865 illud
1118 806 1226 868 artatis

69 883 238 948 duntaxat
254 885 289 948 iu
306 884 409 949 Sociis
422 886 524 948 nostri
542 885 686 968 Collegii
700 887 876 960 numerari,
886 898 920 949 et
933 909 1088 965 cameras,
1102 889 1225 954 victum

70 970 140 1034 sire
155 971 361 1036 communias
383 979 417 1034 et
440 981 565 1036 vestem
587 980 773 1051 consuetas,
794 970 969 1036 dummodo
993 973 1119 1038 interea
1141 975 1226 1039 alias

48 1055 156 1120 ‘bene
182 1079 218 1120 se
248 1056 412 1142 gesserint
438 1066 472 1120 et
500 1057 604 1121 literis
627 1066 661 1122 et
683 1058 863 1124 virtutibus
892 1080 952 1143 pro
975 1059 1111 1145 iugenio
1128 1062 1228 1158 juxta

68 1140 208 1206 formam
240 1151 440 1207 statutorum
468 1143 665 1216 vacaverint,
695 1167 737 1208 ne
766 1142 962 1224 mendicent,
993 1146 1224 1232 permittimus.

70 1228 269 1293 Pensionem
291 1238 401 1294 autem
425 1229 567 1311 aliquam
583 1252 602 1292 a
619 1238 727 1294 nostro
742 1230 893 1313 Collegio
916 1239 992 1329 post
1010 1230 1100 1294 illam
1115 1253 1225 1318 repro-

68 1314 241 1379 bationem
272 1315 363 1379 nullo
387 1325 481 1400 paeto
510 1315 678 1402 recipient,
704 1338 763 1381 nec
792 1315 953 1402 suffragra
978 1317 1012 1380 in
1043 1318 1160 1401 quavis
1189 1321 1224 1382 in

1 1449 2 1472 ᾖ
68 1400 189 1464 eodem
211 1402 370 1466 electione
396 1410 454 1466 aut
476 1402 699 1466 nominatione
726 1401 901 1466 habebunt
924 1425 983 1466 nec
1008 1402 1145 1476 dabunt,
1167 1404 1225 1469 sed

68 1498 231 1570 qnantum
247 1489 289 1551 ad
306 1487 373 1551 haec
388 1487 456 1550 duo
474 1487 612 1573 perinde
625 1511 662 1552 ac
676 1487 705 1550 si
721 1488 808 1552 Socii
823 1510 887 1551 non
902 1499 1013 1553 essent
1024 1490 1226 1556 aestimentur

69 1583 105 1638 et
134 1583 342 1660 reputentur.
406 1574 450 1637 Et
479 1596 580 1656 quum
614 1574 805 1638 vicesimum
834 1582 990 1661 quartum
1021 1577 1128 1639 atatis
1157 1599 1224 1641 suae

70 1682 196 1723 annum
233 1660 479 1745 compleverint,
508 1659 662 1743 quoniam
691 1669 771 1724 tuuc
799 1661 841 1724 ad
870 1661 1020 1725 ordinem
1050 1662 1225 1727 sacerdotii

0 1751 2 1756 ’
69 1746 161 1810 uude
186 1745 324 1811 honeste
349 1747 462 1810 vivant
486 1748 669 1832 promoveri
695 1755 844 1832 possunt,
867 1747 956 1810 intra
979 1769 1124 1812 mensem
1148 1758 1225 1835 post

1 1903 2 1906 Ἴ
67 1833 266 1917 completam
295 1833 384 1898 illam
418 1833 542 1919 viginti
564 1841 705 1915 quatuor
730 1853 888 1896 annorum
916 1841 1046 1898 aetatem
1075 1835 1225 1919 proxime

68 1927 309 2002 sequentem,a
329 1928 442 1983 nostro
465 1918 615 2003 Collegio
639 1925 800 2004 perpetuo
824 1917 1003 1996 discedant,
1028 1940 1064 1981 ac
1087 1940 1126 1982 eo
1151 1921 1224 2004 ipso

1 2049 3 2064 ,
91 2014 147 2069 ost
170 2006 262 2071 illum
287 2027 431 2069 mensem
445 2026 518 2090 pro
540 2026 605 2068 uon
631 2005 731 2068 Sociis
753 2005 786 2067 in
810 2013 1007 2088 perpetuum
1029 2002 1221 2071 habeantur.

66 2027 240 2179 lliscipuli
253 2114 330 2155 vero
350 2092 417 2177 qui,
433 2092 635 2176 temporibus
657 2090 721 2152 sibi
743 2090 776 2152 in
801 2089 861 2153 hoc
883 2096 1009 2152 statuto
1032 2110 1093 2174 pro
1107 2091 1220 2172 quovis
1232 2099 1350 2148 suusne.

68 2177 180 2262 gradu
201 2178 358 2254 diffinitis,
375 2176 507 2240 adeum
526 2177 666 2262 gradum
684 2174 926 2241 assumendum.
947 2172 1153 2238 Prasidentis
1168 2198 1207 2240 ve

68 2263 359 2348 Vicepraesidentis
372 2273 406 2326 et
418 2272 608 2327 caeterorum
617 2261 847 2348 praedictorum
856 2261 983 2346 judicio
997 2271 1031 2326 et
1045 2263 1219 2342 sententia,

0 2353 1 2360 ’
66 2350 197 2437 indigni
217 2362 251 2415 et
272 2350 438 2415 inhabiles
453 2350 613 2435 comperti
632 2358 664 2413 et
675 2347 818 2435 judicati
831 2348 966 2427 luerint,
980 2358 1097 2431 quarto
1111 2371 1221 2414 mense

66 2439 160 2501 illam
185 2438 444 2523 reprobationem
461 2437 609 2521 proxime
628 2443 783 2519 sequente
807 2457 828 2498 a
846 2443 954 2499 nostro
971 2434 1131 2521 collegio,
1155 2438 1221 2499 nisi

67 2524 196 2590 interea
220 2534 337 2609 sponte
362 2524 395 2586 in
421 2545 514 2588 omne
533 2545 638 2585 aevum
660 2522 826 2599 cesserint,
840 2543 899 2608 per
912 2520 1148 2587 Praesidentem
1171 2524 1220 2587 vel

66 2609 382 2697 Vicepraesidentem
405 2620 440 2673 et
464 2630 567 2671 unum
590 2607 761 2671 Decanum
785 2608 964 2693 abigantur
986 2616 1021 2671 et
1046 2608 1081 2670 in
1104 2631 1147 2693 pe
1208 2648 1220 2659 -

66 2706 162 2761 tuum
174 2704 404 2771 amoveantur;
417 2717 477 2759 nec
491 2696 526 2757 in
536 2692 617 2757 illud
626 2704 750 2779 postea,
764 2701 802 2756 ut
811 2694 906 2771 Socii,
919 2692 1080 2758 scholares
1089 2631 1219 2758 serdil-

1 2808 3 2817 ’
66 2786 180 2869 cipuli,
194 2785 293 2847 etiam
311 2784 339 2845 si
360 2790 479 2867 sponte
503 2782 666 2857 cesserint,
683 2801 826 2865 unquam
851 2777 1067 2843 admittantur
1089 2790 1147 2846 aut
1161 2782 1218 2845 eli-

67 2879 201 2957 gantur.
235 2869 459 2933 ·Praesidcntis
471 2876 590 2939 autem,
600 2866 631 2930 V
633 2865 895 2947 icepraesideutis,
912 2867 1124 2936 Decanorum‚
1147 2869 1217 2929 Dis·

66 2966 282 3044 pensatorum
308 2964 343 3018 et
369 2956 529 3019 seniorum
557 2952 796 3039 praedictorum,
820 2952 1033 3015 conscientias
1057 2962 1218 3036 quantum

66 3065 243 3129 possumus
272 3043 306 3105 in
338 3042 478 3104 Domino
509 3040 698 3125 gravissime
723 3060 905 3116 oneramus,
935 3044 971 3100 ut
996 3038 1032 3099 in
1053 3036 1219 3121 praedictis

64 3131 201 3217 judiciis
223 3128 466 3214 approbationis
490 3125 543 3188 rel
571 3124 821 3210 reprobationis,
854 3145 891 3185 ac
922 3124 1101 3208 gratiarum
1137 3123 1218 3185 Uni-

66 3216 235 3281 versitatis
259 3212 532 3289 commutationis,
548 3232 677 3274 omnem
692 3232 807 3273 cacam
823 3207 1027 3272 affectionem
1042 3206 1219 3295 deponant,

69 3327 104 3369 ac
120 3302 287 3367 duntaxat
301 3300 341 3363 ad
358 3322 463 3362 mores
483 3308 516 3363 et
543 3298 723 3360 doctrinam
746 3316 857 3359 eorum
872 3294 931 3377 qui
952 3293 1090 3379 gradum
1114 3295 1216 3358 ambi-

1 3412 3 3419 ’
66 3400 128 3455 unt
142 3389 326 3474 respiciant,
374 3385 561 3449 Scholarem
584 3393 692 3446 autem
715 3382 803 3444 intra
825 3380 995 3444 biennium
1012 3381 1216 3466 probationis
1228 3392 1373 3438 Probanon·

66 3478 109 3542 ad
135 3476 262 3540 nullum
287 3476 410 3537 interea
440 3470 660 3533 sublimiorem
686 3464 826 3552 gradum
849 3466 997 3529 volumus
1023 3452 1381 3553 promoverifffl'ffll‘·

68 3565 112 3629 Et
137 3564 165 3626 si
187 3563 316 3626 interea
339 3558 382 3622 ad
398 3568 525 3641 tempus
549 3577 609 3641 pro
635 3552 739 3641 gradu
763 3575 823 3638 per
845 3574 904 3615 nos
926 3575 1026 3638 supra
1041 3554 1218 3620 limitatum

65 3649 265 3737 pervenerit,
275 3646 484 3710 nihilominus
497 3643 586 3706 illam
598 3663 734 3727 poenam
743 3637 862 3703 evadet
873 3639 912 3717 si,
921 3639 1009 3703 intra
1019 3663 1077 3704 sex
1089 3663 1218 3707 meuses

65 3746 143 3825 post
158 3738 230 3821 ejus
246 3734 279 3795 in
295 3740 491 3818 perpetuum
507 3729 638 3794 Soeinm
651 3726 891 3802 admissionem,
908 3724 951 3788 ad
967 3725 1059 3789 illum
1076 3728 1218 3814 gradum

65 3820 275 3888 conscendat.
325 3817 549 3883 permittimus
566 3824 673 3879 tamen
693 3821 741 3891 ut,
760 3812 794 3875 in
810 3817 881 3898 ejus
901 3810 1043 3875 secundo
1059 3835 1144 3877 anuo
1160 3837 1216 3899 ap·

65 3907 324 3996 probationis‚et
334 3926 502 3987 nunquam
512 3904 546 3964 in
557 3898 744 3986 primo,nisi
758 3898 855 3961 luerit
867 3897 988 3963 electus
1000 3921 1019 3962 e
1032 3896 1217 3962 domesticis

10 4011 16 4019 ‘
66 3983 1218 4079 annosquehabueritcompletosexstatutiordine,gradumassumere

66 4085 199 4170 poterit,
225 4080 252 4143 si
274 4078 311 4142 id
336 4076 488 4141 videatur
511 4073 686 4159 expediens
712 4068 905 4133 Praesidenti
930 4077 964 4133 et
989 4070 1105 4154 maj0ri
1130 4071 1218 4154 parti

67 4179 195 4255 septem
210 4166 386 4231 seniorum.
434 4161 528 4225 Idem
550 4180 718 4223 censemus
734 4156 775 4220 de
790 4154 969 4241 discipulis,
986 4163 1169 4218 statuentes
1184 4163 1217 4219 et
1229 4178 1342 4226 Students
1355 4182 1385 4227 or

17 4316 19 4323 ,
67 4256 294 4343 praecipientes
307 4274 362 4316 eos
377 4257 455 4313 ante
469 4246 664 4332 completum
681 4264 802 4307 annum
814 4242 856 4304 ab
868 4263 981 4319 eorum
994 4242 1029 4303 in
1040 4240 1216 4329 discipulos
1229 4238 1277 4283 ¹⁹⁸⁸
1292 4238 1350 4285 Μ
1366 4254 1382 4285 ⁸

1231 2219 1327 2278 uena.

66 4343 265 4407 admissione
287 4337 330 4403 ad
352 4336 478 4400 nullum
510 4332 649 4418 gradum
679 4327 832 4404 admitti;
854 4349 1046 4413 poenamque
1070 4326 1135 4391 illis
1159 4295 1350 4417 quiffing,

67 4439 214 4516 tempore
236 4434 362 4501 statuto,
382 4442 447 4485 non
472 4424 705 4506 promoventur
730 4413 899 4490 indictam,
921 4434 1105 4495 quanquam
1134 4414 1234 4491 illud⁴

1208 2159 1294 2240 [unfit
1310 2159 1350 2207 for
1369 2173 1391 2219 Α7

1417 4521 1470 4531 ⁴—
