<?xml version="1.0" encoding="UTF-8"?>
<!DOCTYPE html PUBLIC "-//W3C//DTD XHTML 1.0 Transitional//EN"
    "http://www.w3.org/TR/xhtml1/DTD/xhtml1-transitional.dtd">
<html xmlns="http://www.w3.org/1999/xhtml" xml:lang="en" lang="en">
 <head>
  <title>
</title>
<meta http-equiv="Content-Type" content="text/html;charset=utf-8" />
  <meta name='ocr-system' content='tesseract 3.04.00' />
  <meta name='ocr-capabilities' content='ocr_page ocr_carea ocr_par ocr_line ocrx_word'/>
</head>
<body>
  <div class='ocr_page' id='page_1' title='image "./statutescollege02oxfogoog_0107.png"; bbox 0 0 3000 4700; ppageno 0'>
   <div class='ocr_carea' id='block_1_1' title="bbox 265 208 1212 306">
    <p class='ocr_par' dir='ltr' id='par_1_1' title="bbox 265 208 1212 306">
     <span class='ocr_line' id='line_1_1' title="bbox 265 208 1212 306; baseline -0.016 -15"><span class='ocrx_word' id='word_1_1' title='bbox 265 213 308 291; x_wconf 77' lang='lat' dir='ltr'>sa</span> <span class='ocrx_word' id='word_1_2' title='bbox 464 208 597 291; x_wconf 65' lang='lat' dir='ltr'>saura</span> <span class='ocrx_word' id='word_1_3' title='bbox 611 223 651 306; x_wconf 62' lang='lat' dir='ltr'><em>ff</em></span> <span class='ocrx_word' id='word_1_4' title='bbox 662 219 781 303; x_wconf 55' lang='lat' dir='ltr'>eorpus</span> <span class='ocrx_word' id='word_1_5' title='bbox 799 219 916 283; x_wconf 62' lang='lat' dir='ltr'>orme</span> <span class='ocrx_word' id='word_1_6' title='bbox 935 216 1060 299; x_wconf 56' lang='lat' dir='ltr'>eorus,</span> <span class='ocrx_word' id='word_1_7' title='bbox 1082 213 1212 296; x_wconf 60' lang='lat' dir='ltr'>usfar.</span> 
     </span>
    </p>
   </div>
   <div class='ocr_carea' id='block_1_2' title="bbox 100 375 1499 4510">
    <p class='ocr_par' dir='ltr' id='par_1_2' title="bbox 100 375 1499 4510">
     <span class='ocr_line' id='line_1_2' title="bbox 267 375 1417 475; baseline -0.013 -20"><span class='ocrx_word' id='word_1_8' title='bbox 267 391 411 467; x_wconf 88' lang='lat' dir='ltr'>denarii;</span> <span class='ocrx_word' id='word_1_9' title='bbox 448 410 508 475; x_wconf 88' lang='lat' dir='ltr'>pro</span> <span class='ocrx_word' id='word_1_10' title='bbox 537 387 684 449; x_wconf 84' lang='lat' dir='ltr'>restibus</span> <span class='ocrx_word' id='word_1_11' title='bbox 715 382 869 446; x_wconf 87' lang='lat' dir='ltr'>brevibus</span> <span class='ocrx_word' id='word_1_12' title='bbox 899 402 956 442; x_wconf 84' lang='lat' dir='ltr'>sex</span> <span class='ocrx_word' id='word_1_13' title='bbox 981 378 1101 462; x_wconf 82' lang='lat' dir='ltr'>virgas,</span> <span class='ocrx_word' id='word_1_14' title='bbox 1125 377 1278 462; x_wconf 71' lang='lat' dir='ltr'>cJusdem</span> <span class='ocrx_word' id='word_1_15' title='bbox 1308 375 1417 460; x_wconf 81' lang='lat' dir='ltr'>pretii:</span> 
     </span>
     <span class='ocr_line' id='line_1_3' title="bbox 100 459 1421 561; baseline -0.014 -19"><span class='ocrx_word' id='word_1_16' title='bbox 100 484 243 542; x_wconf 75' lang='lat' dir='ltr'>nisoxpens</span> <span class='ocrx_word' id='word_1_17' title='bbox 267 479 398 542; x_wconf 78' lang='lat' dir='ltr'>Habeat</span> <span class='ocrx_word' id='word_1_18' title='bbox 417 482 610 561; x_wconf 78' lang='lat' dir='ltr'>praetereas</span> <span class='ocrx_word' id='word_1_19' title='bbox 626 471 902 554; x_wconf 82' lang='lat' dir='ltr'>Collegioomnes</span> <span class='ocrx_word' id='word_1_20' title='bbox 924 486 1085 552; x_wconf 85' lang='lat' dir='ltr'>expensas</span> <span class='ocrx_word' id='word_1_21' title='bbox 1101 485 1161 548; x_wconf 89' lang='lat' dir='ltr'>pro</span> <span class='ocrx_word' id='word_1_22' title='bbox 1186 471 1270 526; x_wconf 85' lang='lat' dir='ltr'>sect</span> <span class='ocrx_word' id='word_1_23' title='bbox 1287 459 1421 525; x_wconf 90' lang='lat' dir='ltr'>duobus</span> 
     </span>
     <span class='ocr_line' id='line_1_4' title="bbox 101 543 1421 646; baseline -0.014 -18"><span class='ocrx_word' id='word_1_24' title='bbox 101 543 230 646; x_wconf 54' lang='lat' dir='ltr'>fflffi„</span> <span class='ocrx_word' id='word_1_25' title='bbox 266 565 334 627; x_wconf 90' lang='lat' dir='ltr'>suis</span> <span class='ocrx_word' id='word_1_26' title='bbox 349 561 488 638; x_wconf 88' lang='lat' dir='ltr'>famulis,</span> <span class='ocrx_word' id='word_1_27' title='bbox 499 560 635 642; x_wconf 82' lang='lat' dir='ltr'>quotics,</span> <span class='ocrx_word' id='word_1_28' title='bbox 651 557 827 621; x_wconf 89' lang='lat' dir='ltr'>consilioet</span> <span class='ocrx_word' id='word_1_29' title='bbox 850 574 983 616; x_wconf 87' lang='lat' dir='ltr'>assensu</span> <span class='ocrx_word' id='word_1_30' title='bbox 1000 546 1301 634; x_wconf 75' lang='lat' dir='ltr'>Vicepraesidentis,</span> <span class='ocrx_word' id='word_1_31' title='bbox 1317 549 1421 611; x_wconf 92' lang='lat' dir='ltr'>unius</span> 
     </span>
     <span class='ocr_line' id='line_1_5' title="bbox 103 635 1420 732; baseline -0.013 -16"><span class='ocrx_word' id='word_1_32' title='bbox 103 660 202 717; x_wconf 69' lang='lat' dir='ltr'>corregs</span> <span class='ocrx_word' id='word_1_33' title='bbox 268 650 392 713; x_wconf 86' lang='lat' dir='ltr'>Decani</span> <span class='ocrx_word' id='word_1_34' title='bbox 407 647 554 712; x_wconf 87' lang='lat' dir='ltr'>etunius</span> <span class='ocrx_word' id='word_1_35' title='bbox 572 641 821 732; x_wconf 81' lang='lat' dir='ltr'><strong>Dispensatoris,</strong></span> <span class='ocrx_word' id='word_1_36' title='bbox 839 662 873 703; x_wconf 84' lang='lat' dir='ltr'>ac</span> <span class='ocrx_word' id='word_1_37' title='bbox 896 637 1037 702; x_wconf 84' lang='lat' dir='ltr'>duorum</span> <span class='ocrx_word' id='word_1_38' title='bbox 1055 635 1193 700; x_wconf 87' lang='lat' dir='ltr'>aliorum</span> <span class='ocrx_word' id='word_1_39' title='bbox 1220 658 1262 698; x_wconf 86' lang='lat' dir='ltr'>ex</span> <span class='ocrx_word' id='word_1_40' title='bbox 1290 642 1420 720; x_wconf 80' lang='lat' dir='ltr'><strong>septem</strong></span> 
     </span>
     <span class='ocr_line' id='line_1_6' title="bbox 102 718 1421 808; baseline -0.012 -10"><span class='ocrx_word' id='word_1_41' title='bbox 102 718 223 763; x_wconf 46' lang='grc' dir='ltr'>ΝΜ</span> <span class='ocrx_word' id='word_1_42' title='bbox 268 736 409 798; x_wconf 83' lang='lat' dir='ltr'>maxime</span> <span class='ocrx_word' id='word_1_43' title='bbox 428 732 610 796; x_wconf 87' lang='lat' dir='ltr'>senioribus</span> <span class='ocrx_word' id='word_1_44' title='bbox 635 741 712 793; x_wconf 88' lang='lat' dir='ltr'>tunc</span> <span class='ocrx_word' id='word_1_45' title='bbox 735 727 770 790; x_wconf 92' lang='lat' dir='ltr'>in</span> <span class='ocrx_word' id='word_1_46' title='bbox 792 725 1016 790; x_wconf 88' lang='lat' dir='ltr'>Universitate</span> <span class='ocrx_word' id='word_1_47' title='bbox 1030 721 1260 808; x_wconf 71' lang='lat' dir='ltr'>praesentibus,</span> <span class='ocrx_word' id='word_1_48' title='bbox 1282 721 1327 804; x_wconf 82' lang='lat' dir='ltr'>ad</span> <span class='ocrx_word' id='word_1_49' title='bbox 1343 719 1421 784; x_wconf 83' lang='lat' dir='ltr'>Col-</span> 
     </span>
     <span class='ocr_line' id='line_1_7' title="bbox 268 806 1422 907; baseline -0.014 -23"><span class='ocrx_word' id='word_1_50' title='bbox 268 822 349 907; x_wconf 82' lang='lat' dir='ltr'>legii</span> <span class='ocrx_word' id='word_1_51' title='bbox 370 819 506 905; x_wconf 86' lang='lat' dir='ltr'>negotia</span> <span class='ocrx_word' id='word_1_52' title='bbox 527 815 680 881; x_wconf 90' lang='lat' dir='ltr'>obeunda</span> <span class='ocrx_word' id='word_1_53' title='bbox 704 812 831 877; x_wconf 85' lang='lat' dir='ltr'>exierit.</span> <span class='ocrx_word' id='word_1_54' title='bbox 877 811 928 876; x_wconf 89' lang='lat' dir='ltr'>Ae</span> <span class='ocrx_word' id='word_1_55' title='bbox 944 811 1042 873; x_wconf 87' lang='lat' dir='ltr'>etiam</span> <span class='ocrx_word' id='word_1_56' title='bbox 1065 831 1125 894; x_wconf 91' lang='lat' dir='ltr'>pro</span> <span class='ocrx_word' id='word_1_57' title='bbox 1142 806 1258 871; x_wconf 89' lang='lat' dir='ltr'>clerico</span> <span class='ocrx_word' id='word_1_58' title='bbox 1272 808 1422 892; x_wconf 82' lang='lat' dir='ltr'>computi</span> 
     </span>
     <span class='ocr_line' id='line_1_8' title="bbox 269 892 1422 988; baseline -0.013 -18"><span class='ocrx_word' id='word_1_59' title='bbox 269 920 303 970; x_wconf 88' lang='lat' dir='ltr'>et</span> <span class='ocrx_word' id='word_1_60' title='bbox 329 908 435 983; x_wconf 88' lang='lat' dir='ltr'>Socio,</span> <span class='ocrx_word' id='word_1_61' title='bbox 450 903 578 988; x_wconf 90' lang='lat' dir='ltr'>quoties</span> <span class='ocrx_word' id='word_1_62' title='bbox 600 923 672 966; x_wconf 93' lang='lat' dir='ltr'>cum</span> <span class='ocrx_word' id='word_1_63' title='bbox 693 922 733 963; x_wconf 91' lang='lat' dir='ltr'>eo</span> <span class='ocrx_word' id='word_1_64' title='bbox 755 900 790 962; x_wconf 90' lang='lat' dir='ltr'>in</span> <span class='ocrx_word' id='word_1_65' title='bbox 810 897 946 984; x_wconf 86' lang='lat' dir='ltr'>negotiis</span> <span class='ocrx_word' id='word_1_66' title='bbox 963 894 1107 980; x_wconf 84' lang='lat' dir='ltr'>Collegii</span> <span class='ocrx_word' id='word_1_67' title='bbox 1127 893 1352 976; x_wconf 82' lang='lat' dir='ltr'><strong>equitaverint</strong></span> <span class='ocrx_word' id='word_1_68' title='bbox 1368 892 1422 956; x_wconf 90' lang='lat' dir='ltr'>vel</span> 
     </span>
     <span class='ocr_line' id='line_1_9' title="bbox 269 979 1423 1078; baseline -0.013 -21"><span class='ocrx_word' id='word_1_69' title='bbox 269 993 350 1056; x_wconf 89' lang='lat' dir='ltr'>alias</span> <span class='ocrx_word' id='word_1_70' title='bbox 365 1015 406 1056; x_wconf 85' lang='lat' dir='ltr'>ex</span> <span class='ocrx_word' id='word_1_71' title='bbox 420 991 648 1078; x_wconf 72' lang='lat' dir='ltr'>praedictorum</span> <span class='ocrx_word' id='word_1_72' title='bbox 663 1007 821 1050; x_wconf 88' lang='lat' dir='ltr'>consensu</span> <span class='ocrx_word' id='word_1_73' title='bbox 840 984 1025 1056; x_wconf 77' lang='lat' dir='ltr'><strong>mittantur,</strong></span> <span class='ocrx_word' id='word_1_74' title='bbox 1041 1003 1166 1044; x_wconf 84' lang='lat' dir='ltr'>necnon</span> <span class='ocrx_word' id='word_1_75' title='bbox 1191 1001 1252 1064; x_wconf 92' lang='lat' dir='ltr'>pro</span> <span class='ocrx_word' id='word_1_76' title='bbox 1271 979 1347 1042; x_wconf 88' lang='lat' dir='ltr'>aliis</span> <span class='ocrx_word' id='word_1_77' title='bbox 1362 1001 1423 1064; x_wconf 86' lang='lat' dir='ltr'>per</span> 
     </span>
     <span class='ocr_line' id='line_1_10' title="bbox 270 1063 1423 1165; baseline -0.012 -23"><span class='ocrx_word' id='word_1_78' title='bbox 270 1080 388 1165; x_wconf 88' lang='lat' dir='ltr'>ipsum,</span> <span class='ocrx_word' id='word_1_79' title='bbox 402 1076 545 1161; x_wconf 89' lang='lat' dir='ltr'>negotiis</span> <span class='ocrx_word' id='word_1_80' title='bbox 554 1073 697 1158; x_wconf 84' lang='lat' dir='ltr'>Collegii</span> <span class='ocrx_word' id='word_1_81' title='bbox 706 1072 824 1135; x_wconf 88' lang='lat' dir='ltr'>merito</span> <span class='ocrx_word' id='word_1_82' title='bbox 836 1069 1055 1156; x_wconf 87' lang='lat' dir='ltr'>exigentibus,</span> <span class='ocrx_word' id='word_1_83' title='bbox 1071 1066 1148 1130; x_wconf 90' lang='lat' dir='ltr'>foris</span> <span class='ocrx_word' id='word_1_84' title='bbox 1165 1063 1362 1136; x_wconf 80' lang='lat' dir='ltr'>invitandis,</span> <span class='ocrx_word' id='word_1_85' title='bbox 1380 1064 1423 1128; x_wconf 87' lang='lat' dir='ltr'>de</span> 
     </span>
     <span class='ocr_line' id='line_1_11' title="bbox 272 1150 1421 1246; baseline -0.01 -20"><span class='ocrx_word' id='word_1_86' title='bbox 272 1166 365 1229; x_wconf 89' lang='lat' dir='ltr'>bonis</span> <span class='ocrx_word' id='word_1_87' title='bbox 392 1163 533 1246; x_wconf 83' lang='lat' dir='ltr'>Collegii</span> <span class='ocrx_word' id='word_1_88' title='bbox 555 1162 677 1224; x_wconf 86' lang='lat' dir='ltr'>habeat</span> <span class='ocrx_word' id='word_1_89' title='bbox 700 1177 868 1244; x_wconf 85' lang='lat' dir='ltr'>expensas.</span> <span class='ocrx_word' id='word_1_90' title='bbox 914 1154 1049 1218; x_wconf 78' lang='lat' dir='ltr'>Proviso</span> <span class='ocrx_word' id='word_1_91' title='bbox 1068 1174 1209 1238; x_wconf 76' lang='lat' dir='ltr'>semper,</span> <span class='ocrx_word' id='word_1_92' title='bbox 1226 1150 1317 1233; x_wconf 91' lang='lat' dir='ltr'>quod</span> <span class='ocrx_word' id='word_1_93' title='bbox 1343 1173 1421 1238; x_wconf 80' lang='lat' dir='ltr'>par-</span> 
     </span>
     <span class='ocr_line' id='line_1_12' title="bbox 269 1239 1423 1332; baseline -0.013 -18"><span class='ocrx_word' id='word_1_94' title='bbox 269 1252 386 1315; x_wconf 85' lang='lat' dir='ltr'>ticulas</span> <span class='ocrx_word' id='word_1_95' title='bbox 410 1250 555 1313; x_wconf 89' lang='lat' dir='ltr'>omnium</span> <span class='ocrx_word' id='word_1_96' title='bbox 576 1265 790 1332; x_wconf 82' lang='lat' dir='ltr'>expensarum</span> <span class='ocrx_word' id='word_1_97' title='bbox 832 1263 867 1304; x_wconf 89' lang='lat' dir='ltr'>er</span> <span class='ocrx_word' id='word_1_98' title='bbox 888 1241 993 1326; x_wconf 90' lang='lat' dir='ltr'>ipsum</span> <span class='ocrx_word' id='word_1_99' title='bbox 1020 1241 1054 1326; x_wconf 85' lang='lat' dir='ltr'>in</span> <span class='ocrx_word' id='word_1_100' title='bbox 1081 1239 1229 1302; x_wconf 88' lang='lat' dir='ltr'>absentia</span> <span class='ocrx_word' id='word_1_101' title='bbox 1243 1239 1423 1309; x_wconf 88' lang='lat' dir='ltr'>factarum,</span> 
     </span>
     <span class='ocr_line' id='line_1_13' title="bbox 269 1263 1427 1419; baseline -0.009 -21"><span class='ocrx_word' id='word_1_102' title='bbox 269 1338 357 1400; x_wconf 84' lang='lat' dir='ltr'>intra</span> <span class='ocrx_word' id='word_1_103' title='bbox 371 1345 437 1399; x_wconf 87' lang='lat' dir='ltr'>tres</span> <span class='ocrx_word' id='word_1_104' title='bbox 453 1335 526 1398; x_wconf 85' lang='lat' dir='ltr'>dies</span> <span class='ocrx_word' id='word_1_105' title='bbox 539 1340 615 1419; x_wconf 91' lang='lat' dir='ltr'>post</span> <span class='ocrx_word' id='word_1_106' title='bbox 628 1329 769 1394; x_wconf 81' lang='lat' dir='ltr'>reditum</span> <span class='ocrx_word' id='word_1_107' title='bbox 785 1263 829 1392; x_wconf 76' lang='lat' dir='ltr'>ad</span> <span class='ocrx_word' id='word_1_108' title='bbox 837 1327 1032 1412; x_wconf 89' lang='lat' dir='ltr'>Collegium,</span> <span class='ocrx_word' id='word_1_109' title='bbox 1043 1323 1331 1410; x_wconf 78' lang='lat' dir='ltr'>Vicepraesidenti,</span> <span class='ocrx_word' id='word_1_110' title='bbox 1350 1324 1427 1388; x_wconf 80' lang='lat' dir='ltr'>De-</span> 
     </span>
     <span class='ocr_line' id='line_1_14' title="bbox 269 1409 1425 1505; baseline -0.01 -20"><span class='ocrx_word' id='word_1_111' title='bbox 269 1423 360 1485; x_wconf 81' lang='lat' dir='ltr'>canis</span> <span class='ocrx_word' id='word_1_112' title='bbox 370 1430 404 1486; x_wconf 90' lang='lat' dir='ltr'>et</span> <span class='ocrx_word' id='word_1_113' title='bbox 419 1417 717 1505; x_wconf 88' lang='lat' dir='ltr'>Dispensatoribus,</span> <span class='ocrx_word' id='word_1_114' title='bbox 727 1422 785 1477; x_wconf 89' lang='lat' dir='ltr'>aut</span> <span class='ocrx_word' id='word_1_115' title='bbox 798 1435 908 1477; x_wconf 92' lang='lat' dir='ltr'>eorum</span> <span class='ocrx_word' id='word_1_116' title='bbox 921 1412 1078 1497; x_wconf 77' lang='lat' dir='ltr'>legitimis</span> <span class='ocrx_word' id='word_1_117' title='bbox 1089 1409 1266 1496; x_wconf 81' lang='lat' dir='ltr'>deputatis,</span> <span class='ocrx_word' id='word_1_118' title='bbox 1284 1409 1425 1474; x_wconf 80' lang='lat' dir='ltr'><strong>tradere</strong></span> 
     </span>
     <span class='ocr_line' id='line_1_15' title="bbox 270 1496 1423 1595; baseline -0.01 -24"><span class='ocrx_word' id='word_1_119' title='bbox 270 1517 430 1585; x_wconf 77' lang='lat' dir='ltr'>tencatur,</span> <span class='ocrx_word' id='word_1_120' title='bbox 455 1527 514 1591; x_wconf 86' lang='lat' dir='ltr'>per</span> <span class='ocrx_word' id='word_1_121' title='bbox 528 1525 639 1568; x_wconf 86' lang='lat' dir='ltr'>corum</span> <span class='ocrx_word' id='word_1_122' title='bbox 658 1501 870 1564; x_wconf 80' lang='lat' dir='ltr'>discretiones</span> <span class='ocrx_word' id='word_1_123' title='bbox 887 1497 1072 1562; x_wconf 86' lang='lat' dir='ltr'>allocandas</span> <span class='ocrx_word' id='word_1_124' title='bbox 1093 1506 1153 1560; x_wconf 88' lang='lat' dir='ltr'>aut</span> <span class='ocrx_word' id='word_1_125' title='bbox 1168 1496 1423 1595; x_wconf 77' lang='lat' dir='ltr'>expungendas,</span> 
     </span>
     <span class='ocr_line' id='line_1_16' title="bbox 270 1584 1424 1679; baseline -0.01 -22"><span class='ocrx_word' id='word_1_126' title='bbox 270 1595 333 1657; x_wconf 88' lang='lat' dir='ltr'>sub</span> <span class='ocrx_word' id='word_1_127' title='bbox 346 1614 443 1679; x_wconf 87' lang='lat' dir='ltr'>poena</span> <span class='ocrx_word' id='word_1_128' title='bbox 458 1589 636 1654; x_wconf 88' lang='lat' dir='ltr'>amissionis</span> <span class='ocrx_word' id='word_1_129' title='bbox 658 1607 875 1673; x_wconf 81' lang='lat' dir='ltr'>expensarum</span> <span class='ocrx_word' id='word_1_130' title='bbox 896 1585 1142 1668; x_wconf 68' lang='lat' dir='ltr'>praemissarum.</span> <span class='ocrx_word' id='word_1_131' title='bbox 1187 1585 1223 1645; x_wconf 84' lang='lat' dir='ltr'>Sr</span> <span class='ocrx_word' id='word_1_132' title='bbox 1237 1604 1312 1646; x_wconf 88' lang='lat' dir='ltr'>vero</span> <span class='ocrx_word' id='word_1_133' title='bbox 1334 1584 1424 1646; x_wconf 85' lang='lat' dir='ltr'>Prae-</span> 
     </span>
     <span class='ocr_line' id='line_1_17' title="bbox 270 1668 1423 1761; baseline -0.008 -19"><span class='ocrx_word' id='word_1_134' title='bbox 270 1678 380 1742; x_wconf 85' lang='lat' dir='ltr'>sidens</span> <span class='ocrx_word' id='word_1_135' title='bbox 409 1678 444 1739; x_wconf 92' lang='lat' dir='ltr'>in</span> <span class='ocrx_word' id='word_1_136' title='bbox 473 1675 614 1761; x_wconf 86' lang='lat' dir='ltr'>negotiis</span> <span class='ocrx_word' id='word_1_137' title='bbox 635 1674 703 1737; x_wconf 89' lang='lat' dir='ltr'>suis</span> <span class='ocrx_word' id='word_1_138' title='bbox 725 1671 864 1758; x_wconf 89' lang='lat' dir='ltr'>propriis</span> <span class='ocrx_word' id='word_1_139' title='bbox 890 1668 1043 1743; x_wconf 87' lang='lat' dir='ltr'>abfuerit,</span> <span class='ocrx_word' id='word_1_140' title='bbox 1067 1669 1109 1732; x_wconf 90' lang='lat' dir='ltr'>de</span> <span class='ocrx_word' id='word_1_141' title='bbox 1133 1669 1202 1732; x_wconf 88' lang='lat' dir='ltr'>suis</span> <span class='ocrx_word' id='word_1_142' title='bbox 1228 1669 1324 1732; x_wconf 88' lang='lat' dir='ltr'>bonis</span> <span class='ocrx_word' id='word_1_143' title='bbox 1354 1691 1423 1733; x_wconf 94' lang='grc' dir='ltr'>ηοη</span> 
     </span>
     <span class='ocr_line' id='line_1_18' title="bbox 272 1753 1424 1850; baseline -0.008 -22"><span class='ocrx_word' id='word_1_144' title='bbox 272 1764 416 1850; x_wconf 87' lang='lat' dir='ltr'>Collegii</span> <span class='ocrx_word' id='word_1_145' title='bbox 444 1771 522 1825; x_wconf 91' lang='lat' dir='ltr'>tunc</span> <span class='ocrx_word' id='word_1_146' title='bbox 548 1761 647 1824; x_wconf 83' lang='lat' dir='ltr'>vivat.</span> <span class='ocrx_word' id='word_1_147' title='bbox 707 1759 814 1822; x_wconf 87' lang='lat' dir='ltr'>Usum</span> <span class='ocrx_word' id='word_1_148' title='bbox 845 1765 949 1820; x_wconf 86' lang='lat' dir='ltr'>tamen</span> <span class='ocrx_word' id='word_1_149' title='bbox 978 1777 1133 1839; x_wconf 90' lang='lat' dir='ltr'>equorum</span> <span class='ocrx_word' id='word_1_150' title='bbox 1164 1753 1304 1840; x_wconf 80' lang='lat' dir='ltr'>collegii</span> <span class='ocrx_word' id='word_1_151' title='bbox 1340 1765 1424 1819; x_wconf 89' lang='lat' dir='ltr'>tunc</span> 
     </span>
     <span class='ocr_line' id='line_1_19' title="bbox 270 1839 1424 1927; baseline -0.004 -15"><span class='ocrx_word' id='word_1_152' title='bbox 270 1849 412 1927; x_wconf 85' lang='lat' dir='ltr'>habeat3</span> <span class='ocrx_word' id='word_1_153' title='bbox 428 1871 468 1912; x_wconf 87' lang='lat' dir='ltr'>ea</span> <span class='ocrx_word' id='word_1_154' title='bbox 482 1846 677 1915; x_wconf 89' lang='lat' dir='ltr'>conditione,</span> <span class='ocrx_word' id='word_1_155' title='bbox 692 1853 730 1907; x_wconf 91' lang='lat' dir='ltr'>ut</span> <span class='ocrx_word' id='word_1_156' title='bbox 745 1844 792 1906; x_wconf 90' lang='lat' dir='ltr'>eis</span> <span class='ocrx_word' id='word_1_157' title='bbox 811 1841 844 1904; x_wconf 92' lang='lat' dir='ltr'>in</span> <span class='ocrx_word' id='word_1_158' title='bbox 861 1839 1015 1904; x_wconf 90' lang='lat' dir='ltr'>omnibus</span> <span class='ocrx_word' id='word_1_159' title='bbox 1029 1849 1142 1904; x_wconf 87' lang='lat' dir='ltr'>utatur</span> <span class='ocrx_word' id='word_1_160' title='bbox 1157 1841 1262 1904; x_wconf 83' lang='lat' dir='ltr'>veluti</span> <span class='ocrx_word' id='word_1_161' title='bbox 1279 1840 1424 1908; x_wconf 85' lang='lat' dir='ltr'>deberet</span> 
     </span>
     <span class='ocr_line' id='line_1_20' title="bbox 270 1927 1425 2014; baseline -0.005 -15"><span class='ocrx_word' id='word_1_162' title='bbox 270 1946 305 2001; x_wconf 93' lang='lat' dir='ltr'>et</span> <span class='ocrx_word' id='word_1_163' title='bbox 320 1935 419 2000; x_wconf 85' lang='lat' dir='ltr'>vellet</span> <span class='ocrx_word' id='word_1_164' title='bbox 433 1934 484 1998; x_wconf 90' lang='lat' dir='ltr'>nti</span> <span class='ocrx_word' id='word_1_165' title='bbox 499 1933 589 2010; x_wconf 85' lang='lat' dir='ltr'>suis3</span> <span class='ocrx_word' id='word_1_166' title='bbox 605 1941 640 1995; x_wconf 92' lang='lat' dir='ltr'>ut</span> <span class='ocrx_word' id='word_1_167' title='bbox 655 1932 688 1993; x_wconf 87' lang='lat' dir='ltr'>in</span> <span class='ocrx_word' id='word_1_168' title='bbox 704 1928 836 2014; x_wconf 87' lang='lat' dir='ltr'>pabule,</span> <span class='ocrx_word' id='word_1_169' title='bbox 848 1928 1051 1990; x_wconf 77' lang='lat' dir='ltr'>ferramentis</span> <span class='ocrx_word' id='word_1_170' title='bbox 1065 1936 1099 1991; x_wconf 88' lang='lat' dir='ltr'>et</span> <span class='ocrx_word' id='word_1_171' title='bbox 1115 1927 1383 2008; x_wconf 82' lang='lat' dir='ltr'>medicamentis,</span> <span class='ocrx_word' id='word_1_172' title='bbox 1394 1930 1425 1994; x_wconf 88' lang='lat' dir='ltr'>si</span> 
     </span>
     <span class='ocr_line' id='line_1_21' title="bbox 270 2013 1422 2122; baseline -0.007 -36"><span class='ocrx_word' id='word_1_173' title='bbox 270 2045 353 2122; x_wconf 87' lang='lat' dir='ltr'>opus</span> <span class='ocrx_word' id='word_1_174' title='bbox 375 2020 484 2100; x_wconf 90' lang='lat' dir='ltr'>fuerit,</span> <span class='ocrx_word' id='word_1_175' title='bbox 508 2041 573 2082; x_wconf 89' lang='lat' dir='ltr'>non</span> <span class='ocrx_word' id='word_1_176' title='bbox 597 2017 698 2080; x_wconf 88' lang='lat' dir='ltr'>nimia</span> <span class='ocrx_word' id='word_1_177' title='bbox 720 2015 924 2100; x_wconf 79' lang='lat' dir='ltr'>fatigatione,</span> <span class='ocrx_word' id='word_1_178' title='bbox 948 2013 1102 2100; x_wconf 85' lang='lat' dir='ltr'>diligenti</span> <span class='ocrx_word' id='word_1_179' title='bbox 1126 2015 1356 2078; x_wconf 87' lang='lat' dir='ltr'>observatione</span> <span class='ocrx_word' id='word_1_180' title='bbox 1388 2017 1422 2078; x_wconf 90' lang='lat' dir='ltr'>in</span> 
     </span>
     <span class='ocr_line' id='line_1_22' title="bbox 270 2098 1423 2184; baseline -0.005 -13"><span class='ocrx_word' id='word_1_181' title='bbox 270 2108 462 2178; x_wconf 85' lang='lat' dir='ltr'>d1versoriis,</span> <span class='ocrx_word' id='word_1_182' title='bbox 478 2115 512 2170; x_wconf 92' lang='lat' dir='ltr'>et</span> <span class='ocrx_word' id='word_1_183' title='bbox 527 2104 599 2168; x_wconf 88' lang='lat' dir='ltr'>aliis</span> <span class='ocrx_word' id='word_1_184' title='bbox 614 2103 766 2167; x_wconf 88' lang='lat' dir='ltr'>omnibus</span> <span class='ocrx_word' id='word_1_185' title='bbox 779 2123 850 2182; x_wconf 83' lang='lat' dir='ltr'>quae</span> <span class='ocrx_word' id='word_1_186' title='bbox 866 2098 907 2162; x_wconf 90' lang='lat' dir='ltr'>ad</span> <span class='ocrx_word' id='word_1_187' title='bbox 923 2100 1208 2184; x_wconf 88' lang='lat' dir='ltr'>equospcrtinent.</span> <span class='ocrx_word' id='word_1_188' title='bbox 1246 2100 1295 2164; x_wconf 81' lang='lat' dir='ltr'>Ex</span> <span class='ocrx_word' id='word_1_189' title='bbox 1311 2101 1423 2166; x_wconf 89' lang='lat' dir='ltr'>Sociis</span> 
     </span>
     <span class='ocr_line' id='line_1_23' title="bbox 107 2185 1423 2271; baseline 0.002 -23"><span class='ocrx_word' id='word_1_190' title='bbox 107 2202 380 2258; x_wconf 72' lang='lat' dir='ltr'>rensronsorautem</span> <span class='ocrx_word' id='word_1_191' title='bbox 394 2191 576 2256; x_wconf 85' lang='lat' dir='ltr'>sacerdotes</span> <span class='ocrx_word' id='word_1_192' title='bbox 590 2188 733 2252; x_wconf 89' lang='lat' dir='ltr'>habeant</span> <span class='ocrx_word' id='word_1_193' title='bbox 749 2185 889 2271; x_wconf 88' lang='lat' dir='ltr'>singulis</span> <span class='ocrx_word' id='word_1_194' title='bbox 913 2185 1006 2248; x_wconf 85' lang='lat' dir='ltr'>anuis</span> <span class='ocrx_word' id='word_1_195' title='bbox 1031 2206 1092 2270; x_wconf 90' lang='lat' dir='ltr'>pro</span> <span class='ocrx_word' id='word_1_196' title='bbox 1106 2187 1273 2271; x_wconf 88' lang='lat' dir='ltr'>pensione,</span> <span class='ocrx_word' id='word_1_197' title='bbox 1294 2197 1423 2271; x_wconf 81' lang='lat' dir='ltr'>praetcr</span> 
     </span>
     <span class='ocr_line' id='line_1_24' title="bbox 107 2262 1424 2371; baseline -0.002 -29"><span class='ocrx_word' id='word_1_198' title='bbox 107 2262 235 2371; x_wconf 43' lang='lat' dir='ltr'>fflfflg</span> <span class='ocrx_word' id='word_1_199' title='bbox 270 2281 452 2344; x_wconf 80' lang='lat' dir='ltr'>convictum</span> <span class='ocrx_word' id='word_1_200' title='bbox 462 2287 496 2342; x_wconf 90' lang='lat' dir='ltr'>et</span> <span class='ocrx_word' id='word_1_201' title='bbox 511 2283 645 2354; x_wconf 88' lang='lat' dir='ltr'>vestem,</span> <span class='ocrx_word' id='word_1_202' title='bbox 660 2282 799 2357; x_wconf 88' lang='lat' dir='ltr'>quatuor</span> <span class='ocrx_word' id='word_1_203' title='bbox 809 2293 942 2349; x_wconf 86' lang='lat' dir='ltr'>marcas,</span> <span class='ocrx_word' id='word_1_204' title='bbox 953 2269 996 2333; x_wconf 90' lang='lat' dir='ltr'>ad</span> <span class='ocrx_word' id='word_1_205' title='bbox 1011 2278 1151 2354; x_wconf 88' lang='lat' dir='ltr'>quatuor</span> <span class='ocrx_word' id='word_1_206' title='bbox 1166 2272 1246 2336; x_wconf 91' lang='lat' dir='ltr'>anni</span> <span class='ocrx_word' id='word_1_207' title='bbox 1258 2274 1424 2340; x_wconf 88' lang='lat' dir='ltr'>terminos</span> 
     </span>
     <span class='ocr_line' id='line_1_25' title="bbox 108 2359 1423 2449; baseline 0.002 -26"><span class='ocrx_word' id='word_1_208' title='bbox 108 2378 164 2427; x_wconf 70' lang='lat' dir='ltr'>ras.</span> <span class='ocrx_word' id='word_1_209' title='bbox 270 2374 441 2430; x_wconf 87' lang='lat' dir='ltr'>consuetos</span> <span class='ocrx_word' id='word_1_210' title='bbox 464 2384 522 2449; x_wconf 90' lang='lat' dir='ltr'>per</span> <span class='ocrx_word' id='word_1_211' title='bbox 548 2362 687 2443; x_wconf 76' lang='lat' dir='ltr'>aequales</span> <span class='ocrx_word' id='word_1_212' title='bbox 711 2360 887 2446; x_wconf 78' lang='lat' dir='ltr'>portiones,</span> <span class='ocrx_word' id='word_1_213' title='bbox 908 2380 966 2443; x_wconf 87' lang='lat' dir='ltr'>per</span> <span class='ocrx_word' id='word_1_214' title='bbox 984 2380 1101 2422; x_wconf 87' lang='lat' dir='ltr'>manus</span> <span class='ocrx_word' id='word_1_215' title='bbox 1128 2359 1423 2443; x_wconf 81' lang='lat' dir='ltr'>Dispensatorum.</span> 
     </span>
     <span class='ocr_line' id='line_1_26' title="bbox 271 2443 1424 2529; baseline -0.002 -16"><span class='ocrx_word' id='word_1_216' title='bbox 271 2452 356 2515; x_wconf 89' lang='lat' dir='ltr'>Socii</span> <span class='ocrx_word' id='word_1_217' title='bbox 379 2456 488 2513; x_wconf 87' lang='lat' dir='ltr'>antem</span> <span class='ocrx_word' id='word_1_218' title='bbox 504 2470 570 2511; x_wconf 92' lang='lat' dir='ltr'>non</span> <span class='ocrx_word' id='word_1_219' title='bbox 585 2445 766 2510; x_wconf 77' lang='lat' dir='ltr'>sacerdotes</span> <span class='ocrx_word' id='word_1_220' title='bbox 785 2444 1007 2529; x_wconf 86' lang='lat' dir='ltr'>quadraginta</span> <span class='ocrx_word' id='word_1_221' title='bbox 1025 2443 1155 2522; x_wconf 89' lang='lat' dir='ltr'>solidos,</span> <span class='ocrx_word' id='word_1_222' title='bbox 1178 2444 1332 2509; x_wconf 88' lang='lat' dir='ltr'>similiter</span> <span class='ocrx_word' id='word_1_223' title='bbox 1357 2449 1424 2511; x_wconf 89' lang='lat' dir='ltr'>sol-</span> 
     </span>
     <span class='ocr_line' id='line_1_27' title="bbox 269 2530 1423 2616; baseline 0.002 -19"><span class='ocrx_word' id='word_1_224' title='bbox 269 2536 400 2599; x_wconf 83' lang='lat' dir='ltr'>vendos.</span> <span class='ocrx_word' id='word_1_225' title='bbox 447 2533 616 2599; x_wconf 86' lang='lat' dir='ltr'>Scholares</span> <span class='ocrx_word' id='word_1_226' title='bbox 631 2540 741 2597; x_wconf 90' lang='lat' dir='ltr'>autem</span> <span class='ocrx_word' id='word_1_227' title='bbox 764 2532 852 2595; x_wconf 85' lang='lat' dir='ltr'>intre</span> <span class='ocrx_word' id='word_1_228' title='bbox 870 2530 1040 2594; x_wconf 86' lang='lat' dir='ltr'>biennium</span> <span class='ocrx_word' id='word_1_229' title='bbox 1062 2531 1266 2616; x_wconf 86' lang='lat' dir='ltr'>probationis</span> <span class='ocrx_word' id='word_1_230' title='bbox 1291 2542 1327 2595; x_wconf 90' lang='lat' dir='ltr'>et</span> <span class='ocrx_word' id='word_1_231' title='bbox 1354 2534 1423 2599; x_wconf 79' lang='lat' dir='ltr'>dis-</span> 
     </span>
     <span class='ocr_line' id='line_1_28' title="bbox 269 2616 1424 2707; baseline 0 -22"><span class='ocrx_word' id='word_1_232' title='bbox 269 2622 370 2707; x_wconf 90' lang='lat' dir='ltr'>cipuli</span> <span class='ocrx_word' id='word_1_233' title='bbox 384 2620 508 2707; x_wconf 85' lang='lat' dir='ltr'>singuli</span> <span class='ocrx_word' id='word_1_234' title='bbox 521 2620 643 2706; x_wconf 85' lang='lat' dir='ltr'>viginti</span> <span class='ocrx_word' id='word_1_235' title='bbox 655 2641 714 2683; x_wconf 82' lang='lat' dir='ltr'>sex</span> <span class='ocrx_word' id='word_1_236' title='bbox 728 2617 849 2681; x_wconf 86' lang='lat' dir='ltr'>solidos</span> <span class='ocrx_word' id='word_1_237' title='bbox 869 2628 904 2680; x_wconf 88' lang='lat' dir='ltr'>et</span> <span class='ocrx_word' id='word_1_238' title='bbox 917 2624 991 2687; x_wconf 82' lang='lat' dir='ltr'>aeto</span> <span class='ocrx_word' id='word_1_239' title='bbox 1006 2616 1168 2695; x_wconf 88' lang='lat' dir='ltr'>denarios,</span> <span class='ocrx_word' id='word_1_240' title='bbox 1182 2616 1224 2679; x_wconf 89' lang='lat' dir='ltr'>ad</span> <span class='ocrx_word' id='word_1_241' title='bbox 1240 2618 1424 2702; x_wconf 63' lang='lat' dir='ltr'>praedictos</span> 
     </span>
     <span class='ocr_line' id='line_1_29' title="bbox 269 2701 1422 2792; baseline 0.001 -21"><span class='ocrx_word' id='word_1_242' title='bbox 269 2709 425 2771; x_wconf 88' lang='lat' dir='ltr'>terminos</span> <span class='ocrx_word' id='word_1_243' title='bbox 461 2727 522 2792; x_wconf 88' lang='lat' dir='ltr'>per</span> <span class='ocrx_word' id='word_1_244' title='bbox 548 2705 681 2771; x_wconf 87' lang='lat' dir='ltr'>eosdem</span> <span class='ocrx_word' id='word_1_245' title='bbox 709 2704 862 2769; x_wconf 90' lang='lat' dir='ltr'>similiter</span> <span class='ocrx_word' id='word_1_246' title='bbox 891 2701 1073 2766; x_wconf 83' lang='lat' dir='ltr'>solvendos.</span> <span class='ocrx_word' id='word_1_247' title='bbox 1133 2702 1169 2768; x_wconf 89' lang='lat' dir='ltr'>Si</span> <span class='ocrx_word' id='word_1_248' title='bbox 1198 2706 1272 2785; x_wconf 87' lang='lat' dir='ltr'>quis</span> <span class='ocrx_word' id='word_1_249' title='bbox 1304 2716 1422 2772; x_wconf 83' lang='lat' dir='ltr'>autern</span> 
     </span>
     <span class='ocr_line' id='line_1_30' title="bbox 269 2787 1423 2875; baseline 0.002 -18"><span class='ocrx_word' id='word_1_250' title='bbox 269 2794 446 2869; x_wconf 87' lang='lat' dir='ltr'>Sociorum,</span> <span class='ocrx_word' id='word_1_251' title='bbox 456 2793 650 2856; x_wconf 85' lang='lat' dir='ltr'>scholarium</span> <span class='ocrx_word' id='word_1_252' title='bbox 660 2799 719 2855; x_wconf 87' lang='lat' dir='ltr'>aut</span> <span class='ocrx_word' id='word_1_253' title='bbox 729 2789 961 2875; x_wconf 88' lang='lat' dir='ltr'>discipulorum</span> <span class='ocrx_word' id='word_1_254' title='bbox 971 2787 1423 2874; x_wconf 70' lang='lat' dir='ltr'>predictorumbenefieium</span> 
     </span>
     <span class='ocr_line' id='line_1_31' title="bbox 269 2873 1423 2962; baseline 0 -19"><span class='ocrx_word' id='word_1_255' title='bbox 269 2879 496 2962; x_wconf 89' lang='lat' dir='ltr'>quodcunque,</span> <span class='ocrx_word' id='word_1_256' title='bbox 523 2877 758 2945; x_wconf 73' lang='lat' dir='ltr'>haereditatem,</span> <span class='ocrx_word' id='word_1_257' title='bbox 781 2874 1022 2961; x_wconf 83' lang='lat' dir='ltr'>patrimonium,</span> <span class='ocrx_word' id='word_1_258' title='bbox 1044 2873 1188 2948; x_wconf 87' lang='lat' dir='ltr'>feodum,</span> <span class='ocrx_word' id='word_1_259' title='bbox 1255 2877 1423 2960; x_wconf 79' lang='lat' dir='ltr'>minoem,</span> 
     </span>
     <span class='ocr_line' id='line_1_32' title="bbox 269 2898 1424 3051; baseline 0.003 -23"><span class='ocrx_word' id='word_1_260' title='bbox 269 2965 323 3029; x_wconf 88' lang='lat' dir='ltr'>vel</span> <span class='ocrx_word' id='word_1_261' title='bbox 348 2964 450 3041; x_wconf 90' lang='lat' dir='ltr'>aliud,</span> <span class='ocrx_word' id='word_1_262' title='bbox 473 2972 512 3029; x_wconf 89' lang='lat' dir='ltr'>ut</span> <span class='ocrx_word' id='word_1_263' title='bbox 532 2965 714 3051; x_wconf 86' lang='lat' dir='ltr'>praefertur,</span> <span class='ocrx_word' id='word_1_264' title='bbox 745 2973 804 3025; x_wconf 88' lang='lat' dir='ltr'>aut</span> <span class='ocrx_word' id='word_1_265' title='bbox 827 2960 1031 3041; x_wconf 87' lang='lat' dir='ltr'>obsequium,</span> <span class='ocrx_word' id='word_1_266' title='bbox 1061 2982 1133 3024; x_wconf 88' lang='lat' dir='ltr'>cum</span> <span class='ocrx_word' id='word_1_267' title='bbox 1165 2898 1317 3049; x_wconf 59' lang='lat' dir='ltr'>Colligio</span> <span class='ocrx_word' id='word_1_268' title='bbox 1340 2976 1424 3051; x_wconf 87' lang='lat' dir='ltr'>post</span> 
     </span>
     <span class='ocr_line' id='line_1_33' title="bbox 269 3045 1497 3137; baseline 0.003 -24"><span class='ocrx_word' id='word_1_269' title='bbox 269 3059 396 3137; x_wconf 92' lang='lat' dir='ltr'>tempus</span> <span class='ocrx_word' id='word_1_270' title='bbox 411 3050 493 3116; x_wconf 89' lang='lat' dir='ltr'>alibi</span> <span class='ocrx_word' id='word_1_271' title='bbox 507 3050 678 3115; x_wconf 81' lang='lat' dir='ltr'>definitum</span> <span class='ocrx_word' id='word_1_272' title='bbox 691 3046 933 3131; x_wconf 86' lang='lat' dir='ltr'>incompatibile</span> <span class='ocrx_word' id='word_1_273' title='bbox 942 3055 1055 3110; x_wconf 88' lang='lat' dir='ltr'>nactus</span> <span class='ocrx_word' id='word_1_274' title='bbox 1065 3045 1173 3126; x_wconf 87' lang='lat' dir='ltr'>fuerit,</span> <span class='ocrx_word' id='word_1_275' title='bbox 1182 3049 1421 3135; x_wconf 86' lang='lat' dir='ltr'>pacificamque</span> <span class='ocrx_word' id='word_1_276' title='bbox 1495 3126 1497 3131; x_wconf 68' lang='lat'>,</span> 
     </span>
     <span class='ocr_line' id='line_1_34' title="bbox 267 3131 1421 3220; baseline 0.003 -21"><span class='ocrx_word' id='word_1_277' title='bbox 267 3136 354 3201; x_wconf 90' lang='lat' dir='ltr'>illius</span> <span class='ocrx_word' id='word_1_278' title='bbox 505 3137 612 3201; x_wconf 88' lang='lat' dir='ltr'>ionem</span> <span class='ocrx_word' id='word_1_279' title='bbox 632 3135 683 3199; x_wconf 86' lang='lat' dir='ltr'>rcl</span> <span class='ocrx_word' id='word_1_280' title='bbox 709 3135 779 3220; x_wconf 91' lang='lat' dir='ltr'>ipse</span> <span class='ocrx_word' id='word_1_281' title='bbox 803 3132 856 3196; x_wconf 87' lang='lat' dir='ltr'>rel</span> <span class='ocrx_word' id='word_1_282' title='bbox 880 3132 965 3197; x_wconf 85' lang='lat' dir='ltr'>alius</span> <span class='ocrx_word' id='word_1_283' title='bbox 990 3131 1031 3196; x_wconf 88' lang='lat' dir='ltr'>ad</span> <span class='ocrx_word' id='word_1_284' title='bbox 1055 3139 1126 3219; x_wconf 87' lang='lat' dir='ltr'>ejus</span> <span class='ocrx_word' id='word_1_285' title='bbox 1149 3134 1356 3199; x_wconf 88' lang='lat' dir='ltr'>commodum</span> <span class='ocrx_word' id='word_1_286' title='bbox 1383 3148 1421 3203; x_wconf 88' lang='lat' dir='ltr'>et</span> 
     </span>
     <span class='ocr_line' id='line_1_35' title="bbox 268 3158 1420 3308; baseline 0.001 -21"><span class='ocrx_word' id='word_1_287' title='bbox 268 3245 363 3287; x_wconf 90' lang='lat' dir='ltr'>usum</span> <span class='ocrx_word' id='word_1_288' title='bbox 377 3158 538 3295; x_wconf 50' lang='lat' dir='ltr'>imin,</span> <span class='ocrx_word' id='word_1_289' title='bbox 554 3224 595 3287; x_wconf 89' lang='lat' dir='ltr'>ab</span> <span class='ocrx_word' id='word_1_290' title='bbox 614 3222 686 3307; x_wconf 91' lang='lat' dir='ltr'>ipso</span> <span class='ocrx_word' id='word_1_291' title='bbox 707 3221 815 3307; x_wconf 90' lang='lat' dir='ltr'>primo</span> <span class='ocrx_word' id='word_1_292' title='bbox 830 3218 884 3283; x_wconf 87' lang='lat' dir='ltr'>die</span> <span class='ocrx_word' id='word_1_293' title='bbox 900 3219 1110 3284; x_wconf 85' lang='lat' dir='ltr'>assecutionis</span> <span class='ocrx_word' id='word_1_294' title='bbox 1125 3225 1160 3282; x_wconf 92' lang='lat' dir='ltr'>et</span> <span class='ocrx_word' id='word_1_295' title='bbox 1173 3220 1316 3306; x_wconf 85' lang='lat' dir='ltr'>pacificae</span> <span class='ocrx_word' id='word_1_296' title='bbox 1338 3245 1420 3308; x_wconf 88' lang='lat' dir='ltr'>pos-</span> 
     </span>
     <span class='ocr_line' id='line_1_36' title="bbox 267 3304 1419 3394; baseline 0.002 -21"><span class='ocrx_word' id='word_1_297' title='bbox 267 3309 419 3373; x_wconf 86' lang='lat' dir='ltr'>sessionis</span> <span class='ocrx_word' id='word_1_298' title='bbox 445 3307 633 3394; x_wconf 74' lang='lat' dir='ltr'>hujusmodi</span> <span class='ocrx_word' id='word_1_299' title='bbox 661 3314 766 3371; x_wconf 82' lang='lat' dir='ltr'>cesset</span> <span class='ocrx_word' id='word_1_300' title='bbox 787 3306 918 3369; x_wconf 91' lang='lat' dir='ltr'>omnino</span> <span class='ocrx_word' id='word_1_301' title='bbox 946 3310 1018 3387; x_wconf 73' lang='lat' dir='ltr'>ejus</span> <span class='ocrx_word' id='word_1_302' title='bbox 1046 3304 1160 3390; x_wconf 90' lang='lat' dir='ltr'>pensio</span> <span class='ocrx_word' id='word_1_303' title='bbox 1193 3305 1351 3393; x_wconf 84' lang='lat' dir='ltr'>praedieta</span> <span class='ocrx_word' id='word_1_304' title='bbox 1380 3311 1419 3375; x_wconf 91' lang='lat' dir='ltr'>in</span> 
     </span>
     <span class='ocr_line' id='line_1_37' title="bbox 268 3391 1418 3478; baseline 0.003 -20"><span class='ocrx_word' id='word_1_305' title='bbox 268 3417 363 3459; x_wconf 92' lang='lat' dir='ltr'>omne</span> <span class='ocrx_word' id='word_1_306' title='bbox 378 3417 500 3473; x_wconf 81' lang='lat' dir='ltr'>aevum3</span> <span class='ocrx_word' id='word_1_307' title='bbox 522 3395 587 3458; x_wconf 88' lang='lat' dir='ltr'>nisi</span> <span class='ocrx_word' id='word_1_308' title='bbox 601 3395 750 3467; x_wconf 73' lang='lat' dir='ltr'>fortasse,</span> <span class='ocrx_word' id='word_1_309' title='bbox 766 3392 874 3474; x_wconf 83' lang='lat' dir='ltr'>aliquo</span> <span class='ocrx_word' id='word_1_310' title='bbox 889 3391 1118 3478; x_wconf 70' lang='lat' dir='ltr'>praedictorum</span> <span class='ocrx_word' id='word_1_311' title='bbox 1134 3392 1219 3457; x_wconf 88' lang='lat' dir='ltr'>iutra</span> <span class='ocrx_word' id='word_1_312' title='bbox 1234 3400 1302 3457; x_wconf 88' lang='lat' dir='ltr'>tem</span> <span class='ocrx_word' id='word_1_313' title='bbox 1326 3418 1366 3459; x_wconf 90' lang='lat' dir='ltr'>us</span> <span class='ocrx_word' id='word_1_314' title='bbox 1379 3408 1418 3462; x_wconf 89' lang='lat' dir='ltr'>ut</span> 
     </span>
     <span class='ocr_line' id='line_1_38' title="bbox 267 3416 1418 3565; baseline 0.003 -22"><span class='ocrx_word' id='word_1_315' title='bbox 267 3480 435 3565; x_wconf 71' lang='lat' dir='ltr'>prefertur</span> <span class='ocrx_word' id='word_1_316' title='bbox 457 3480 633 3545; x_wconf 85' lang='lat' dir='ltr'>limitatum</span> <span class='ocrx_word' id='word_1_317' title='bbox 655 3477 799 3557; x_wconf 90' lang='lat' dir='ltr'>dimiss0‚</span> <span class='ocrx_word' id='word_1_318' title='bbox 814 3479 847 3541; x_wconf 88' lang='lat' dir='ltr'>in</span> <span class='ocrx_word' id='word_1_319' title='bbox 864 3478 1014 3563; x_wconf 80' lang='lat' dir='ltr'>Collegio</span> <span class='ocrx_word' id='word_1_320' title='bbox 1033 3500 1224 3564; x_wconf 86' lang='lat' dir='ltr'>permanere</span> <span class='ocrx_word' id='word_1_321' title='bbox 1246 3416 1418 3559; x_wconf 81' lang='lat' dir='ltr'>mafirerit,</span> 
     </span>
     <span class='ocr_line' id='line_1_39' title="bbox 269 3563 1499 3653; baseline 0.005 -26"><span class='ocrx_word' id='word_1_322' title='bbox 269 3576 347 3627; x_wconf 90' lang='lat' dir='ltr'>tune</span> <span class='ocrx_word' id='word_1_323' title='bbox 362 3565 462 3641; x_wconf 88' lang='lat' dir='ltr'>enim,</span> <span class='ocrx_word' id='word_1_324' title='bbox 476 3587 514 3627; x_wconf 91' lang='lat' dir='ltr'>eo</span> <span class='ocrx_word' id='word_1_325' title='bbox 531 3566 665 3629; x_wconf 83' lang='lat' dir='ltr'>dimisso</span> <span class='ocrx_word' id='word_1_326' title='bbox 679 3564 881 3652; x_wconf 89' lang='lat' dir='ltr'>pensionem,</span> <span class='ocrx_word' id='word_1_327' title='bbox 897 3571 1083 3628; x_wconf 87' lang='lat' dir='ltr'>consuetam</span> <span class='ocrx_word' id='word_1_328' title='bbox 1101 3587 1120 3628; x_wconf 88' lang='lat' dir='ltr'>a</span> <span class='ocrx_word' id='word_1_329' title='bbox 1142 3563 1291 3651; x_wconf 83' lang='lat' dir='ltr'>Collegio</span> <span class='ocrx_word' id='word_1_330' title='bbox 1307 3568 1340 3631; x_wconf 91' lang='lat' dir='ltr'>ei</span> <span class='ocrx_word' id='word_1_331' title='bbox 1354 3590 1420 3653; x_wconf 89' lang='lat' dir='ltr'>pro</span> <span class='ocrx_word' id='word_1_332' title='bbox 1496 3591 1499 3607; x_wconf 64' lang='lat'>*</span> 
     </span>
     <span class='ocr_line' id='line_1_40' title="bbox 269 3648 1420 3750; baseline 0.005 -37"><span class='ocrx_word' id='word_1_333' title='bbox 269 3658 414 3735; x_wconf 90' lang='lat' dir='ltr'>tempore</span> <span class='ocrx_word' id='word_1_334' title='bbox 443 3648 661 3715; x_wconf 84' lang='lat' dir='ltr'>dimissionem</span> <span class='ocrx_word' id='word_1_335' title='bbox 689 3660 906 3734; x_wconf 87' lang='lat' dir='ltr'>consequente</span> <span class='ocrx_word' id='word_1_336' title='bbox 935 3651 1099 3750; x_wconf 87' lang='lat' dir='ltr'>percipere</span> <span class='ocrx_word' id='word_1_337' title='bbox 1121 3649 1227 3725; x_wconf 82' lang='lat' dir='ltr'>liceat.</span> <span class='ocrx_word' id='word_1_338' title='bbox 1283 3654 1328 3717; x_wconf 74' lang='lat' dir='ltr'>at</span> <span class='ocrx_word' id='word_1_339' title='bbox 1358 3656 1420 3736; x_wconf 91' lang='lat' dir='ltr'>qui</span> 
     </span>
     <span class='ocr_line' id='line_1_41' title="bbox 268 3737 1416 3825; baseline 0.004 -26"><span class='ocrx_word' id='word_1_340' title='bbox 268 3744 341 3822; x_wconf 90' lang='lat' dir='ltr'>post</span> <span class='ocrx_word' id='word_1_341' title='bbox 355 3756 496 3799; x_wconf 88' lang='lat' dir='ltr'>mensem</span> <span class='ocrx_word' id='word_1_342' title='bbox 514 3738 556 3799; x_wconf 82' lang='lat' dir='ltr'>sb</span> <span class='ocrx_word' id='word_1_343' title='bbox 580 3737 715 3825; x_wconf 82' lang='lat' dir='ltr'>incepto</span> <span class='ocrx_word' id='word_1_344' title='bbox 723 3737 841 3821; x_wconf 81' lang='lat' dir='ltr'>quovis</span> <span class='ocrx_word' id='word_1_345' title='bbox 856 3745 996 3802; x_wconf 82' lang='lat' dir='ltr'>termino</span> <span class='ocrx_word' id='word_1_346' title='bbox 1011 3737 1045 3800; x_wconf 84' lang='lat' dir='ltr'>in</span> <span class='ocrx_word' id='word_1_347' title='bbox 1061 3746 1211 3803; x_wconf 85' lang='lat' dir='ltr'>nostrum</span> <span class='ocrx_word' id='word_1_348' title='bbox 1226 3738 1416 3825; x_wconf 79' lang='lat' dir='ltr'>Collegium</span> 
     </span>
     <span class='ocr_line' id='line_1_42' title="bbox 269 3820 1494 3911; baseline 0.005 -26"><span class='ocrx_word' id='word_1_349' title='bbox 269 3820 433 3885; x_wconf 86' lang='lat' dir='ltr'>admissus</span> <span class='ocrx_word' id='word_1_350' title='bbox 443 3821 550 3901; x_wconf 90' lang='lat' dir='ltr'>fuerit,</span> <span class='ocrx_word' id='word_1_351' title='bbox 567 3832 623 3888; x_wconf 85' lang='lat' dir='ltr'>ant</span> <span class='ocrx_word' id='word_1_352' title='bbox 639 3824 777 3887; x_wconf 86' lang='lat' dir='ltr'>totidem</span> <span class='ocrx_word' id='word_1_353' title='bbox 793 3822 861 3887; x_wconf 90' lang='lat' dir='ltr'>dies</span> <span class='ocrx_word' id='word_1_354' title='bbox 872 3832 949 3888; x_wconf 84' lang='lat' dir='ltr'>ante</span> <span class='ocrx_word' id='word_1_355' title='bbox 962 3830 1163 3909; x_wconf 89' lang='lat' dir='ltr'>postremum</span> <span class='ocrx_word' id='word_1_356' title='bbox 1171 3822 1259 3888; x_wconf 89' lang='lat' dir='ltr'>diem</span> <span class='ocrx_word' id='word_1_357' title='bbox 1274 3821 1415 3911; x_wconf 84' lang='lat' dir='ltr'>alicujus</span> <span class='ocrx_word' id='word_1_358' title='bbox 1489 3880 1494 3897; x_wconf 77' lang='grc'>,</span> 
     </span>
     <span class='ocr_line' id='line_1_43' title="bbox 268 3907 1471 3999; baseline 0.003 -26"><span class='ocrx_word' id='word_1_359' title='bbox 268 3907 401 3973; x_wconf 89' lang='lat' dir='ltr'>termini</span> <span class='ocrx_word' id='word_1_360' title='bbox 421 3907 570 3994; x_wconf 71' lang='lat' dir='ltr'>praedicti</span> <span class='ocrx_word' id='word_1_361' title='bbox 592 3909 643 3974; x_wconf 84' lang='lat' dir='ltr'>rel</span> <span class='ocrx_word' id='word_1_362' title='bbox 669 3911 741 3996; x_wconf 88' lang='lat' dir='ltr'>ipso</span> <span class='ocrx_word' id='word_1_363' title='bbox 757 3908 908 3995; x_wconf 77' lang='lat' dir='ltr'>Collegio</span> <span class='ocrx_word' id='word_1_364' title='bbox 931 3909 1060 3975; x_wconf 84' lang='lat' dir='ltr'>cesserit</span> <span class='ocrx_word' id='word_1_365' title='bbox 1082 3909 1136 3973; x_wconf 84' lang='lat' dir='ltr'>vel</span> <span class='ocrx_word' id='word_1_366' title='bbox 1158 3910 1201 3973; x_wconf 91' lang='lat' dir='ltr'>ab</span> <span class='ocrx_word' id='word_1_367' title='bbox 1224 3932 1264 3975; x_wconf 90' lang='lat' dir='ltr'>eo</span> <span class='ocrx_word' id='word_1_368' title='bbox 1289 3916 1415 3997; x_wconf 88' lang='lat' dir='ltr'>ejectus</span> <span class='ocrx_word' id='word_1_369' title='bbox 1469 3992 1471 3999; x_wconf 18' lang='lat' dir='ltr'>y</span> 
     </span>
     <span class='ocr_line' id='line_1_44' title="bbox 269 3994 1416 4085; baseline 0.004 -28"><span class='ocrx_word' id='word_1_370' title='bbox 269 3995 375 4069; x_wconf 89' lang='lat' dir='ltr'>fuerit,</span> <span class='ocrx_word' id='word_1_371' title='bbox 401 4004 460 4059; x_wconf 87' lang='lat' dir='ltr'>aut</span> <span class='ocrx_word' id='word_1_372' title='bbox 482 3995 606 4078; x_wconf 83' lang='lat' dir='ltr'>aliquid</span> <span class='ocrx_word' id='word_1_373' title='bbox 631 3996 881 4084; x_wconf 86' lang='lat' dir='ltr'>incompatibile,</span> <span class='ocrx_word' id='word_1_374' title='bbox 905 4005 945 4061; x_wconf 91' lang='lat' dir='ltr'>ut</span> <span class='ocrx_word' id='word_1_375' title='bbox 966 3994 1149 4082; x_wconf 75' lang='lat' dir='ltr'>praefertur,</span> <span class='ocrx_word' id='word_1_376' title='bbox 1163 4018 1235 4061; x_wconf 91' lang='lat' dir='ltr'>cum</span> <span class='ocrx_word' id='word_1_377' title='bbox 1249 3997 1416 4085; x_wconf 82' lang='lat' dir='ltr'>Collegio,</span> 
     </span>
     <span class='ocr_line' id='line_1_45' title="bbox 268 4080 1417 4181; baseline 0.005 -37"><span class='ocrx_word' id='word_1_378' title='bbox 268 4082 321 4147; x_wconf 81' lang='lat' dir='ltr'>nel</span> <span class='ocrx_word' id='word_1_379' title='bbox 354 4082 545 4169; x_wconf 90' lang='lat' dir='ltr'>pensionem</span> <span class='ocrx_word' id='word_1_380' title='bbox 580 4084 772 4169; x_wconf 70' lang='lat' dir='ltr'>praedictam</span> <span class='ocrx_word' id='word_1_381' title='bbox 807 4082 936 4181; x_wconf 88' lang='lat' dir='ltr'>pacifice</span> <span class='ocrx_word' id='word_1_382' title='bbox 972 4080 1164 4168; x_wconf 84' lang='lat' dir='ltr'>possederit,</span> <span class='ocrx_word' id='word_1_383' title='bbox 1194 4088 1417 4169; x_wconf 84' lang='lat' dir='ltr'>cujuscunque</span> 
     </span>
     <span class='ocr_line' id='line_1_46' title="bbox 268 4168 1498 4255; baseline 0.005 -24"><span class='ocrx_word' id='word_1_384' title='bbox 268 4176 372 4232; x_wconf 87' lang='lat' dir='ltr'>status</span> <span class='ocrx_word' id='word_1_385' title='bbox 388 4182 447 4232; x_wconf 86' lang='lat' dir='ltr'>aut</span> <span class='ocrx_word' id='word_1_386' title='bbox 462 4168 586 4253; x_wconf 75' lang='lat' dir='ltr'>gradm</span> <span class='ocrx_word' id='word_1_387' title='bbox 599 4170 712 4237; x_wconf 72' lang='lat' dir='ltr'>fuerit,</span> <span class='ocrx_word' id='word_1_388' title='bbox 727 4190 885 4255; x_wconf 79' lang='lat' dir='ltr'>pensione</span> <span class='ocrx_word' id='word_1_389' title='bbox 907 4190 969 4232; x_wconf 88' lang='lat' dir='ltr'>sua</span> <span class='ocrx_word' id='word_1_390' title='bbox 993 4168 1125 4253; x_wconf 84' lang='lat' dir='ltr'>integra</span> <span class='ocrx_word' id='word_1_391' title='bbox 1140 4179 1248 4233; x_wconf 87' lang='lat' dir='ltr'>careat</span> <span class='ocrx_word' id='word_1_392' title='bbox 1270 4192 1330 4255; x_wconf 90' lang='lat' dir='ltr'>pro</span> <span class='ocrx_word' id='word_1_393' title='bbox 1355 4173 1415 4237; x_wconf 84' lang='lat' dir='ltr'>illo</span> <span class='ocrx_word' id='word_1_394' title='bbox 1494 4198 1498 4215; x_wconf 62' lang='lat'><strong>¹</strong></span> 
     </span>
     <span class='ocr_line' id='line_1_47' title="bbox 268 4253 1498 4344; baseline 0.005 -29"><span class='ocrx_word' id='word_1_395' title='bbox 268 4253 416 4316; x_wconf 88' lang='lat' dir='ltr'>termino.</span> <span class='ocrx_word' id='word_1_396' title='bbox 463 4254 529 4329; x_wconf 74' lang='lat' dir='ltr'>Qui</span> <span class='ocrx_word' id='word_1_397' title='bbox 557 4263 666 4319; x_wconf 85' lang='lat' dir='ltr'>autern</span> <span class='ocrx_word' id='word_1_398' title='bbox 696 4255 731 4318; x_wconf 91' lang='lat' dir='ltr'>in</span> <span class='ocrx_word' id='word_1_399' title='bbox 760 4254 873 4337; x_wconf 88' lang='lat' dir='ltr'>quovis</span> <span class='ocrx_word' id='word_1_400' title='bbox 903 4254 1043 4319; x_wconf 89' lang='lat' dir='ltr'>termino</span> <span class='ocrx_word' id='word_1_401' title='bbox 1072 4275 1131 4339; x_wconf 88' lang='lat' dir='ltr'>per</span> <span class='ocrx_word' id='word_1_402' title='bbox 1154 4254 1236 4319; x_wconf 90' lang='lat' dir='ltr'>duos</span> <span class='ocrx_word' id='word_1_403' title='bbox 1264 4255 1414 4344; x_wconf 88' lang='lat' dir='ltr'>integros</span> <span class='ocrx_word' id='word_1_404' title='bbox 1490 4325 1498 4341; x_wconf 41' lang='lat'><strong>¹</strong></span> 
     </span>
     <span class='ocr_line' id='line_1_48' title="bbox 155 4336 1414 4425; baseline 0.007 -26"><span class='ocrx_word' id='word_1_405' title='bbox 155 4351 159 4358; x_wconf 84' lang='lat'>&#39;</span> <span class='ocrx_word' id='word_1_406' title='bbox 211 4378 216 4387; x_wconf 86' lang='lat'><strong>·</strong></span> <span class='ocrx_word' id='word_1_407' title='bbox 267 4358 393 4401; x_wconf 86' lang='lat' dir='ltr'>menses</span> <span class='ocrx_word' id='word_1_408' title='bbox 403 4338 489 4401; x_wconf 90' lang='lat' dir='ltr'>inter</span> <span class='ocrx_word' id='word_1_409' title='bbox 499 4340 615 4417; x_wconf 87' lang='lat' dir='ltr'>Socios,</span> <span class='ocrx_word' id='word_1_410' title='bbox 627 4339 791 4403; x_wconf 84' lang='lat' dir='ltr'>scholares</span> <span class='ocrx_word' id='word_1_411' title='bbox 800 4348 858 4403; x_wconf 89' lang='lat' dir='ltr'>aut</span> <span class='ocrx_word' id='word_1_412' title='bbox 869 4336 1045 4425; x_wconf 81' lang='lat' dir='ltr'>discipulos</span> <span class='ocrx_word' id='word_1_413' title='bbox 1055 4338 1213 4424; x_wconf 85' lang='lat' dir='ltr'>ejusdem,</span> <span class='ocrx_word' id='word_1_414' title='bbox 1223 4353 1414 4408; x_wconf 88' lang='lat' dir='ltr'>numeratus</span> 
     </span>
     <span class='ocr_line' id='line_1_49' title="bbox 266 4421 1414 4510; baseline 0.007 -25"><span class='ocrx_word' id='word_1_415' title='bbox 266 4421 375 4493; x_wconf 84' lang='lat' dir='ltr'>fuerit,</span> <span class='ocrx_word' id='word_1_416' title='bbox 392 4423 430 4493; x_wconf 85' lang='lat' dir='ltr'>is,</span> <span class='ocrx_word' id='word_1_417' title='bbox 444 4424 589 4507; x_wconf 85' lang='lat' dir='ltr'>exceptis</span> <span class='ocrx_word' id='word_1_418' title='bbox 608 4424 827 4508; x_wconf 77' lang='lat' dir='ltr'>prreexceptis,</span> <span class='ocrx_word' id='word_1_419' title='bbox 842 4426 1035 4508; x_wconf 84' lang='lat' dir='ltr'>pensionem</span> <span class='ocrx_word' id='word_1_420' title='bbox 1049 4446 1144 4489; x_wconf 88' lang='lat' dir='ltr'>snam</span> <span class='ocrx_word' id='word_1_421' title='bbox 1158 4435 1304 4510; x_wconf 87' lang='lat' dir='ltr'>prorata</span> <span class='ocrx_word' id='word_1_422' title='bbox 1322 4428 1414 4496; x_wconf 89' lang='lat' dir='ltr'>illius</span> 
     </span>
    </p>
   </div>
   <div class='ocr_carea' id='block_1_3' title="bbox 0 0 1506 4700">
    <p class='ocr_par' dir='ltr' id='par_1_3' title="bbox 0 0 1506 4700">
     <span class='ocr_line' id='line_1_50' title="bbox 0 0 1506 4700; baseline 0 0"><span class='ocrx_word' id='word_1_423' title='bbox 0 0 1506 4700; x_wconf 95' lang='lat' dir='ltr'> </span> 
     </span>
    </p>
   </div>
  </div>
 </body>
</html>
