3000 4700
322 236 457 304 &aaa
467 244 506 324 ‘ff
519 241 637 327 Corpus
654 243 776 307 utera·
786 242 919 330 Callope,
935 246 1066 332 opaea.
1229 248 1268 315 51

118 407 304 472 canumet
327 403 408 467 alios
434 405 505 491 ejus
529 403 670 491 generis,
697 428 763 471 nou
792 408 965 490 Liranum,
997 434 1064 476 non
1088 409 1269 498 Hugonem

117 486 347 568 Viennensem,
370 511 407 554 ac
427 500 558 556 caeteros
575 502 614 558 ut
635 502 785 581 ternpore
809 495 856 559 ita
873 495 1020 564 doctrina
1038 499 1137 584 longe
1205 506 1268 563 ste·

116 571 231 652 mures,
259 575 326 639 nisi
358 576 418 639 ubi
445 578 627 664 primorum
653 579 758 646 deerit
786 582 985 668 explanatio.
1049 585 1093 649 [lt
1130 609 1149 649 a
1209 584 1270 649 has
1280 598 1434 646 amnone·

117 658 318 747 theologicas
342 661 497 729 lectiones
517 665 698 732 audiendas
729 688 844 732 omues
869 669 979 736 Socios
1002 673 1106 738 nostri
1123 658 1427 765 Collegiil'lfflssffi‘f

117 745 294 832 theologiae
321 769 382 834 per
412 770 473 814 nos
502 752 671 839 ascriptos,
703 762 823 838 praeter
853 754 1020 829 Doctores.
1052 758 1102 821 ita
1129 759 1270 844 astringi
1279 731 1343 823 idn

4 897 7 904 ,
115 833 267 898 volumus
289 834 563 918 quemadmodum
589 840 709 904 artium
733 839 978 923 Baraalaureoa
1003 842 1181 928 Magistros
1204 865 1269 908 non

116 918 298 1005 theologos,
320 929 355 986 et
375 929 508 987 caeteros
528 923 573 990 ad
598 934 730 991 caeteras
754 925 894 995 lecturas
924 950 1024 1014 supra
1045 930 1268 995 astrinximus.

115 1005 235 1090 Ipsum
249 1015 361 1072 autem
375 1008 545 1074 Lectorem
562 1010 605 1076 ad
620 1012 730 1076 omnia
744 1012 904 1098 praedicta
913 1013 1089 1097 diligenter
1103 1037 1165 1100 pro
1179 1016 1269 1080 virili

113 1091 263 1158 facienda
283 1099 481 1180 juramento,
505 1098 642 1182 perinde
673 1121 710 1164 ac
738 1107 870 1164 caeteros
903 1101 1055 1166 Lectores
1084 1102 1266 1187 predictos,

114 1200 242 1264 semper
272 1179 424 1244 volumus
453 1182 620 1248 devinciri.
675 1183 838 1250 Volumus
875 1197 1034 1272 praeterea
1070 1198 1110 1251 ut
1144 1188 1269 1275 singuli
1279 1185 1432 1293 ‘fflffi

114 1263 262 1328 herbarii
297 1266 443 1366 predicti
474 1269 592 1334 faciant
621 1279 821 1358 potestatem
855 1273 922 1338 suis
957 1272 1166 1340 auditoribus
1194 1257 1316 1359 postll-

113 1350 270 1414 lectiones
300 1353 642 1441 1nterrogandi,eitra
667 1357 807 1422 multam
834 1367 892 1422 aut
917 1359 1105 1425 indecoram
1132 1370 1265 1426 muten-

1 1477 2 1486 .
113 1439 334 1521 tionem,quoe
347 1439 435 1504 inter
447 1439 624 1527 legendum
637 1442 691 1508 rel
704 1444 769 1528 ipsi
793 1443 938 1510 herbarii
961 1445 1052 1512 haud
1067 1447 1147 1512 satis
1160 1448 1268 1534 expli·
1308 1433 1314 1446 ⁸

113 1525 233 1588 cerunt
263 1525 314 1589 rel
346 1525 427 1612 ipsis
456 1526 658 1594 auditoribus
700 1531 892 1617 scrupulum
927 1540 986 1598 aut
1013 1533 1268 1619 ambiguitatem

114 1609 272 1684 fecerunt,
301 1621 334 1674 et
366 1634 423 1694 pro
448 1613 536 1678 virili
566 1635 678 1680 eorum
701 1617 897 1699 questiones
921 1627 955 1683 et
980 1617 1188 1684 difficultates
1203 1619 1269 1684 dis·

0 1775 2 1796 }
113 1696 243 1761 solvant
259 1705 293 1761 et
306 1699 497 1784 explanent.
544 1701 642 1774 Quod
656 1702 686 1766 si
701 1702 870 1787 praedictis
884 1703 1079 1770 Praesidenti
1093 1714 1128 1771 et
1141 1714 1267 1793 septem
1279 1715 1365 1762 Power
1375 1719 1402 1762 to

112 1783 256 1848 maxime
271 1785 453 1849 senioribus
468 1785 539 1850 aliae
556 1785 641 1852 horae
658 1797 726 1852 tam
741 1789 807 1853 sibi
827 1791 908 1938 ipsis
920 1813 1019 1873 quam
1033 1793 1157 1858 caeteris
1172 1793 1267 1858 audi·
1279 1775 1432 1880 ffieffl

113 1869 242 1934 toribus
251 1873 357 1972 magis
367 1872 540 1936 commodae
550 1881 584 1938 et
593 1883 789 1962 opportunae
800 1875 834 1939 vi
855 1877 1101 1950 ebuntur‚tune
1111 1875 1269 1944 Lectores

112 1955 289 2041 praedictos
304 1979 339 2020 m
354 1957 401 2022 eis
420 1960 576 2024 lectiones
589 1983 701 2026 omnes
715 1962 888 2046 praedictas
903 1963 954 2027 uti
968 1963 1141 2062 praefertur
1155 1964 1270 2064 legere

112 2050 147 2108 et
174 2043 379 2122 continuare,
402 2044 561 2127 quamdiu
589 2047 755 2133 praedietis
788 2047 985 2111 Praesidentr
1013 2056 1048 2112 et
1083 2049 1269 2116 senioribus

113 2151 284 2194 necessum
298 2128 475 2209 videbitur,
486 2139 585 2214 atque
599 2133 700 2197 etiam
715 2135 795 2208 ruri,
809 2134 931 2198 Oxouii
945 2134 1101 2200 saeviente
1115 2143 1217 2218 peste,
1233 2137 1268 2202 in

112 2216 184 2280 loco
200 2216 255 2280 vel
274 2216 352 2281 locis
375 2239 435 2304 per
457 2216 589 2283 eosdem
610 2218 844 2285 Praesidentem
866 2228 902 2284 et
924 2220 1067 2286 seniores
1090 2219 1269 2307 deputatis,

0 2373 3 2381 ,
112 2303 275 2383 volumus,
291 2305 507 2391 praecipimus,
530 2313 565 2370 et
587 2305 622 2371 in
641 2305 763 2371 virtute
787 2329 902 2373 eorum
921 2308 1101 2393 juramenti
1117 2307 1269 2395 praedicti

112 2390 314 2454 mandamus.
361 2390 490 2467 Quibus
506 2399 617 2457 autem
633 2391 761 2472 diebus,
772 2402 906 2480 propter
926 2402 1017 2460 actm
1029 2394 1267 2461 Universitatis

110 2476 273 2563 publicos,
290 2476 393 2540 cuivis
415 2477 550 2541 lectioni
571 2479 664 2543 nulla
685 2478 766 2544 hera
793 2480 910 2547 saltem
923 2483 1093 2547 commoda
1122 2482 1268 2554 dabitur.

112 2584 196 2642 eam,
213 2584 256 2627 ex
264 2562 493 2648 predictorum
509 2563 722 2629 Praesidentis
737 2573 772 2631 et
785 2566 951 2631 seniorum
970 2590 1138 2647 consensu,
1150 2570 1184 2632 iu
1200 2570 1266 2633 illis

113 2648 231 2714 diebus
247 2650 358 2713 omitti
372 2650 601 2736 permittimus,
616 2658 744 2717 statuto
761 2652 919 2737 praedicto
938 2676 975 2719 ac
998 2660 1186 2741 juramento
1200 2677 1266 2720 non

113 2735 333 2801 obstantibus.
396 2736 471 2800 Sint
500 2735 536 2800 hi
561 2744 627 2802 tres
656 2738 760 2802 nostri
783 2739 928 2825 Collegii
953 2740 1042 2808 Socii
1067 2740 1122 2806 rel
1147 2742 1265 2807 saltem
1278 2754 1433 2815 Stoendrot

1 2827 3 2839 '
113 2821 275 2887 scholares
299 2808 388 2886 intra
409 2822 580 2887 biennium
602 2824 825 2910 probationis3
854 2848 993 2907 quorum
1014 2828 1149 2911 singuli,
1174 2828 1267 2893 ultra
1278 2815 1417 2863 mm·

112 2910 280 2974 convictus
294 2916 330 2973 et
339 2911 439 2974 vestis
450 2909 644 2995 portionem,
656 2932 693 2974 ac
703 2911 793 2975 ultra
802 2912 995 2995 pensionem
1005 2928 1038 2977 et
1052 2914 1185 2998 singula
1199 2915 1267 2979 alia

112 2995 336 3061 emolumenta
360 3016 432 3078 quae
461 2993 502 3059 de
525 3004 639 3060 nostro
661 2995 813 3082 Collegio
836 2997 917 3062 alias
936 3006 1045 3062 essent
1064 3001 1267 3085 percepturi,

112 3091 236 3147 certam
258 3082 450 3167 pensionem
474 3089 508 3146 et
526 3081 739 3182 stipendium,
755 3105 816 3168 pro
835 3083 967 3148 lecturis
991 3092 1026 3148 et
1050 3085 1265 3169 caeterisquae

1 3426 3 3445 '
111 3428 293 3514 recipieot3
316 3426 475 3505 videlieet,
492 3427 611 3491 Lector
626 3426 844 3491 humanitatis
859 3426 958 3511 singu

113 3190 228 3233 eorum
257 3168 363 3232 officie
394 3167 585 3255 hujusmod1
608 3168 813 3246 incumbunt,
840 3168 883 3233 de
911 3169 1005 3234 bonis
1040 3172 1264 3236 communibus

112 3256 220 3319 nostri
242 3254 394 3341 Collegii,
413 3277 473 3340 per
497 3277 613 3319 manus
638 3256 921 3339 Dispensatorum,
940 3255 1080 3341 singulis
1104 3256 1196 3320 annis
1221 3258 1264 3323 ed

112 3350 254 3425 quatuor
269 3342 348 3404 anni
362 3340 515 3405 terminos
530 3362 589 3427 per
600 3340 741 3423 aequales
755 3339 904 3427 ejusdem
915 3340 1074 3489 stipendii
1083 3343 1264 3441 portiones,

971 3450 999 3491 rs
1014 3450 1107 3491 annis
1117 3450 1266 3513 quinque

1 3580 2 3583 ,
113 3514 225 3586 libras,
245 3512 365 3577 Lector
380 3514 513 3577 Graecus
535 3515 682 3597 quinque
701 3513 804 3578 libras
828 3520 886 3577 aut
909 3512 951 3577 ad
966 3536 1130 3579 summum
1154 3514 1268 3584 decem.

106 3621 246 3691 'maresa
263 3599 383 3663 Lector
398 3609 509 3663 autem
532 3600 705 3688 theologiae
725 3622 785 3664 sex
797 3600 900 3664 libras
915 3608 949 3664 et
964 3600 1121 3666 tredecim
1136 3602 1265 3675 'solidos
1321 3650 1336 3661 .-
1355 3645 1361 3672 ,·
1381 3631 1429 3657 2

0 3718 4 3747 r
112 3693 148 3751 et
162 3695 240 3751 octo
252 3684 414 3760 denarios,
431 3694 490 3750 aut
505 3686 720 3752 adsummum
736 3685 849 3751 decem
867 3686 977 3751 libras.
1022 3688 1113 3762 Quos
1130 3690 1265 3773 quidem
1277 3699 1435 3752 mearam

1 3770 2 3775 ’
115 3772 269 3838 Lectores
285 3780 320 3836 et
332 3794 444 3835 eorum
453 3772 634 3855 quemlibet
649 3772 692 3838 ad
702 3773 843 3839 officium
859 3773 1004 3859 legendi,
1016 3776 1141 3857 quoties
1151 3799 1264 3845 eorum
1276 3764 1433 3811 Laureae

112 3859 232 3943 aliquis
255 3858 471 3938 desideratur,
497 3858 586 3923 intra
606 3859 794 3943 quindecim
813 3858 884 3924 dies
898 3868 1073 3945 postquam
1086 3863 1264 3940 vacaverit,

111 3966 172 4033 por
191 3945 429 4010 Praesidentem
453 3951 488 4008 et
509 3956 637 4031 septem
656 3946 801 4011 maxime
818 3946 961 4011 seniores
984 3947 1090 4011 nostri
1109 3946 1267 4033 collegii,

1 4036 19 4051 '¹
112 4054 222 4097 coram
245 4031 447 4118 superinde
470 4052 507 4096 ac
531 4032 565 4095 in
591 4032 748 4097 electione
761 4029 1061 4119 Vicepraesideutis‚
1072 4038 1210 4117 juratos,
1229 4041 1265 4097 et

113 4120 250 4184 absente
282 4117 485 4184 Praesidente
519 4140 579 4205 per
606 4116 918 4205 Vicepraesidentem
955 4127 990 4183 ct
1025 4118 1169 4202 reliquos
1204 4139 1265 4184 sex

112 4208 255 4270 maxime
266 4206 408 4269 seniores
423 4202 538 4269 eodem
549 4203 646 4275 modo
655 4204 830 4269 sedcoram
838 4203 1115 4303 Vicepraesidente
1125 4210 1263 4290 juratos,

1 4312 5 4331 ¹·
111 4292 185 4378 ipso
214 4292 314 4357 etiam
330 4291 607 4375 Vicepraesidente
634 4300 712 4355 tunc
739 4313 847 4358 coram
875 4311 1026 4375 prornmo
1045 4290 1110 4354 sibi
1135 4292 1273 4366 seniore

106 4384 231 4465 jurato,
241 4379 321 4464 eligi
337 4387 371 4442 et
385 4378 510 4441 assumi
525 4377 686 4456 volumus,
702 4376 801 4443 modo
815 4374 931 4443 ordine
946 4386 981 4441 et
995 4376 1100 4440 forma
1113 4378 1265 4462 superius

111 4468 146 4530 in
170 4462 271 4529 modo
300 4461 447 4547 eligendi
476 4462 638 4533 scholares
650 4463 802 4632 (pgepnio
820 4461 1021 4547 probandos,
1046 4462 1081 4526 in
1103 4463 1274 4614 agiltruda,¹

710 4596 717 4610 .
1069 4568 1089 4613 a
