3000 4700
86 1751 211 1810 Principal

85 1809 176 1856 double

85 1870 169 1916 feasb.

91 3311 198 3359 Atteude

90 3382 151 3417 auce
161 3376 187 3417 at

91 3430 176 3475 divine
186 3442 235 3476 ser·

91 3488 153 3535 rice.

243 223 287 328 AO
447 221 580 288 Statates
594 224 633 304 of
645 219 762 305 Corpus
780 219 898 286 Christi
914 219 1039 303 Collegae,
1060 219 1189 302 Oaford.

244 385 351 470 magis
367 385 510 450 evitetur
533 383 684 470 suspicio,
700 383 854 448 volumus
868 389 907 447 ut
922 379 1034 447 nullus
1050 381 1190 468 Collegii
1212 380 1327 444 Socius
1343 379 1400 442 vel

244 471 423 557 discipulus
437 471 558 535 deferat
572 493 634 534 sua
645 477 703 534 aut
718 470 855 534 aliorum
878 469 1074 532 vestimenta
1102 468 1189 531 linea
1211 464 1255 528 ad
1271 465 1400 530 latricis

245 555 390 635 domum,
412 566 470 621 aut
494 555 572 620 inde
587 563 743 643 reportet.
790 554 853 619 Sed
874 553 1032 618 accedant
1047 575 1177 640 semper
1191 551 1322 615 latrices
1342 550 1398 614 die

248 643 349 705 Lunae
364 643 418 706 vel
439 643 566 714 Martis,
581 640 661 706 hora
675 650 792 706 octava
816 649 891 704 ante
906 638 1074 703 meridiem
1091 639 1144 703 vel
1161 639 1226 701 alia
1241 637 1331 706 hora,
1353 636 1398 700 ad

272 738 372 791 ortam
389 727 543 814 Collegii,
557 740 589 792 et
603 727 650 790 ibi
669 749 707 792 ea
721 727 877 813 recipiant
890 750 899 804 ;
922 747 959 788 ac
974 725 1028 788 die
1043 725 1180 789 Sabbati
1196 724 1249 788 vel
1263 723 1328 787 alio
1343 723 1400 786 die

246 751 328 878 liora
338 814 436 880 tertia
445 820 521 900 post
529 811 705 885 meridiem,
717 813 744 878 si
754 811 922 877 commode
930 812 1002 874 fieri
1013 811 1129 898 possit,
1146 810 1224 873 illuc
1242 810 1398 874 referant.

249 901 321 964 Nee
335 900 548 986 prohibemus
562 900 728 998 pauciores
744 920 816 963 esse
827 897 980 973 famulos,
992 900 1019 960 si
1035 897 1143 959 omnia
1156 918 1214 981 per
1229 897 1399 982 pauciores

247 993 335 1050 recte
351 984 573 1049 administram
586 984 722 1072 possint.
770 985 895 1051 Verum
911 982 945 1045 id
960 981 1192 1047 committimus
1210 981 1400 1045 discretioni

248 1068 468 1146 praesidentis,
484 1071 536 1135 vcl
552 1093 589 1135 eo
613 1071 744 1135 absente
760 1066 1059 1155 Vicepraesidentis,
1083 1082 1114 1133 et
1137 1068 1236 1134 unius
1253 1069 1397 1154 Dispen-

247 1157 372 1221 satoris.

408 1291 489 1377 cap.
508 1291 557 1356 rs.
581 1293 633 1357 oa
648 1293 883 1378 atvrnrsffla
895 1293 1021 1376 afara
1033 1263 1236 1356 observatas.

290 1403 436 1500 Expleta
447 1414 515 1498 jam
528 1435 663 1478 numero
679 1413 826 1477 omnium
843 1413 901 1500 qui
917 1412 1004 1477 intra
1019 1412 1079 1476 hoc
1096 1413 1271 1477 alvearium
1287 1433 1398 1475 mora·
1495 1458 1498 1462 -

247 1499 377 1571 buntur,
392 1498 620 1584 dispositisque
644 1497 783 1584 singulis
805 1501 872 1562 suis
896 1498 1064 1562 ordinibus
1087 1507 1121 1563 et
1143 1499 1254 1563 officiis
1277 1519 1313 1560 ac
1338 1498 1397 1560 mi-

248 1585 369 1657 nistris,
395 1584 550 1647 duximus
578 1584 684 1670 primo
714 1583 952 1648 exordiendum
983 1593 1018 1648 et
1046 1583 1225 1648 docendum
1254 1605 1400 1669 quonam

247 1678 344 1769 pacto
359 1690 463 1733 ceram
480 1669 523 1733 ad
536 1669 666 1733 laudem
681 1678 715 1733 et
729 1669 885 1733 honorem
898 1669 963 1733 Dei
978 1671 1157 1734 conficiant.
1218 1669 1401 1732 Statuimus

247 1765 358 1836 itaque
370 1753 439 1820 haec
454 1757 541 1819 festa
556 1777 627 1820 esse
641 1755 832 1841 principalia
847 1765 905 1819 aut
927 1757 1050 1842 majora
1067 1757 1219 1841 duplicia,
1235 1753 1401 1834 videlicet,

249 1840 403 1904 Natalem
429 1843 574 1914 Domini,
599 1840 829 1928 Epiphaniam,
853 1840 990 1912 Pascha,
1010 1843 1257 1915 Ascensionem,
1274 1841 1400 1904 Pente-

248 1934 378 1998 costem,
394 1949 450 1991 sex
465 1926 550 1992 festa
565 1928 679 1992 Beatae
696 1927 811 1991 Mariae
825 1925 982 2012 Virginis,
997 1927 1258 1991 connumerando
1274 1925 1399 1989 Visita·

247 2013 379 2082 tionem,
394 2012 646 2079 Dedicationem
669 2013 789 2086 sacelli,
818 2013 1032 2076 solennitates
1056 2012 1233 2076 Trinitatis
1256 2020 1290 2076 et
1315 2011 1398 2075 Cor-

248 2098 335 2184 poris
353 2097 489 2178 Christi,
506 2099 662 2164 Natalem
688 2099 766 2162 Divi
786 2097 949 2162 Johannis
965 2099 1133 2183 Baptistae,
1149 2098 1268 2162 festum
1286 2099 1400 2182 Apos-

249 2183 387 2249 tolorum
403 2184 494 2248 Petri
510 2192 544 2249 et
561 2185 665 2256 Pauli,
683 2183 806 2248 festum
821 2183 1042 2267 Reliquiarum
1068 2206 1105 2248 ac
1121 2184 1276 2250 Omnium
1300 2185 1400 2246 Sanc-

249 2281 367 2334 torum.
426 2270 584 2358 Duplicia
619 2291 692 2333 vcro
726 2270 850 2333 minora
883 2277 943 2334 aut
971 2269 1136 2341 inferiora,
1165 2269 1249 2333 festa
1285 2269 1400 2335 Sancti

249 2355 419 2442 Stephani,
457 2356 617 2419 Johaunis
653 2355 817 2440 Apostoli,
855 2355 1089 2429 Innocentium,
1127 2356 1399 2431 Circumcisiouis,

249 2442 346 2505 ferias
365 2441 552 2520 secundam,
572 2441 703 2504 tertiam
720 2450 754 2504 et
768 2451 930 2525 quartam,
945 2444 980 2505 in
995 2442 1212 2508 hebdomadis
1230 2441 1400 2506 Paschatis

250 2536 284 2591 et
309 2526 530 2602 Pentecostes,
553 2525 777 2591 Inventioncm
801 2528 1102 2593 et‘Exaltationem
1126 2530 1252 2592 Sancta
1273 2527 1399 2601 Crucis,

250 2614 369 2677 festum
385 2612 517 2677 Thomas
534 2612 693 2697 Apostoli,
708 2613 868 2685 Matthia,
882 2614 986 2677 Marci
1000 2614 1236 2699 Evangelistae,
1248 2614 1399 2699 Georgii,

250 2698 483 2783 Apostolorum
494 2696 641 2786 Philippi
652 2707 686 2762 et
697 2699 821 2769 Jacobi‚
832 2699 949 2763 Jacobi
959 2700 1124 2780 Zebedaei,
1134 2699 1399 2764 Translationcm

252 2782 421 2855 Swithuui,
452 2783 695 2857 Bartholomaei,
725 2784 890 2857 Matthaei,
921 2784 1102 2861 Michaelis,
1131 2786 1400 2851 Translationern

251 2867 405 2933 Eduardi
429 2870 543 2955 Regis,
568 2870 668 2934 Lucae
692 2870 919 2955 Evangelistae,
940 2872 1171 2955 Apostolorum
1197 2872 1340 2935 Simonis
1364 2880 1400 2936 et

252 2952 271 3017 J
277 2954 358 3028 udae,
380 2964 413 3019 et
437 2956 548 3019 Sancti
571 2955 720 3020 Andreae.
765 2955 946 3041 Adjicimus
975 2957 1025 3021 his
1048 2958 1135 3021 festa
1159 2957 1316 3043 simplicia
1339 2958 1401 3025 sed

252 3038 410 3115 ferianda,
433 3042 594 3116 videlicet,
609 3043 738 3105 Sanctae
756 3040 870 3104 Marisa
894 3042 1112 3127 Magdalenae,
1131 3044 1259 3107 Sanctae
1274 3044 1398 3121 Annae,
1443 3040 1449 3052 ’

254 3127 363 3191 Sancti
373 3127 553 3201 Laurentii,
565 3126 763 3205 Catharinae,
771 3126 932 3210 Nicholai‚
947 3128 1153 3192 Frideswidae
1165 3131 1198 3193 in
1211 3130 1355 3208 Octobri,
1365 3140 1402 3195 et

253 3234 364 3276 omnes
381 3212 449 3277 dies
465 3213 653 3278 Dominicos
669 3214 703 3277 in
719 3221 790 3278 toto
810 3235 906 3279 anno.
965 3215 1003 3277 ln
1025 3213 1077 3277 his
1100 3216 1252 3278 omnibus
1275 3224 1308 3279 et
1332 3216 1399 3279 sin-

254 3299 341 3383 gulis
355 3297 540 3363 Dominicis
558 3307 593 3364 et
608 3300 700 3364 festis
715 3299 868 3364 volumus
884 3308 918 3364 et
934 3299 1127 3363 mandamus
1149 3310 1186 3365 ut
1202 3300 1398 3381 Praesidens,

255 3384 332 3447 siin
349 3384 576 3451 Universitate
599 3407 743 3469 praesens
766 3386 809 3449 sit
832 3407 891 3448 nec
906 3385 1052 3471 legitime
1071 3385 1258 3471 impeditus,
1273 3387 1307 3449 in
1321 3409 1399 3473 sup-

254 3470 382 3554 pellicio
397 3481 429 3533 et
446 3472 537 3555 graio
561 3471 754 3617 amieiogita
775 3470 968 3555 appellant),
985 3479 1017 3534 et
1042 3470 1157 3553 reliqui
1182 3494 1294 3536 omnes
1315 3494 1399 3557 prae·

255 3563 366 3618 sentes
388 3554 422 3618 in
441 3556 663 3621 Universitate
707 3556 768 3618 ocii
787 3572 821 3619 et
838 3555 1008 3630 scholares,
1025 3554 1176 3643 discipuli
1199 3580 1236 3623 ac
1258 3559 1400 3623 ministri

255 3640 377 3717 sacelli,
393 3640 631 3727 impedimento
646 3648 793 3704 cessante
807 3641 967 3725 legitimo,
980 3641 1104 3729 judicio
1115 3643 1324 3709 Praesidentis
1339 3652 1400 3711 aut

255 3747 294 3789 eo
310 3725 447 3789 absente
457 3724 743 3810 Viccpraesidentis
757 3734 789 3789 et
805 3727 856 3788 sui
868 3726 993 3791 Decani
1007 3734 1122 3813 ejusve
1131 3730 1237 3794 locum
1255 3732 1400 3796 tenentis

254 3809 478 3896 approbando,
494 3812 527 3873 in
544 3812 753 3897 suppelliciis,
769 3812 874 3894 etqui
889 3814 1043 3898 graduati
1059 3817 1188 3880 suntin
1209 3817 1276 3880 suis
1298 3818 1399 3882 etiarn

254 3896 384 3983 capitiis
407 3896 530 3983 pellitis
549 3907 606 3961 aut
626 3897 787 3961 tartarino
802 3896 985 3983 duplicatis,
1000 3900 1069 3963 suis
1092 3901 1251 3985 gradibus
1266 3913 1300 3967 et
1315 3912 1399 3967 tem·

253 3981 389 4069 poribus
405 3984 671 4069 congruentibus,
683 3983 848 4057 intersint,
862 3991 895 4048 et
910 4005 974 4047 nou
989 3986 1097 4050 statim
1114 3997 1151 4051 ut
1164 3988 1400 4073 ingrediuntur
1473 4020 1477 4027 -

255 4075 376 4133 exeant
399 4068 498 4154 (quod
516 4068 649 4153 quidam
670 4070 828 4135 interesse
842 4069 1122 4158 interpretantur),
1146 4073 1205 4156 sed
1226 4084 1400 4160 expectare

254 4161 288 4217 et
314 4158 488 4219 consistere
512 4162 683 4220 teneantur
705 4156 739 4217 in
762 4154 860 4220 choro
890 4163 959 4219 toto
986 4165 1133 4243 tempore
1156 4161 1338 4246 primarum
1364 4171 1400 4226 et

254 4238 471 4305 secundarum
490 4262 706 4326 vesperarum,
725 4241 907 4327 primorum
929 4250 963 4306 ct
984 4242 1198 4308 secundorum
1224 4247 1400 4331 completo·

253 4324 385 4403 riorum,
418 4327 653 4390 matutinarum
684 4335 718 4391 et
748 4335 936 4390 caeterarum
972 4327 1125 4392 horarum
1161 4332 1405 4413 canonicarum,-

255 4410 449 4494 aspcrsionis
466 4433 598 4495 quoquo
622 4434 710 4496 aquae
733 4411 927 4491 benedictae,
950 4416 1190 4498 processionum
1212 4425 1247 4482 et
1270 4440 1400 4505 magnas
