3000 4700
150 125 160 142 ⁹
252 132 292 201 14
452 127 587 196 Stototer
600 131 640 213 of
652 126 770 212 Corpus
786 126 906 192 Christi
923 125 1051 209 Collega,
1072 127 1202 208 overe.

248 300 282 362 et
293 313 402 360 coram
411 291 457 356 eis
467 290 597 376 legatur
609 297 768 357 statutum
778 291 913 356 officium
925 288 1009 356 illud
1018 311 1224 356 concernens
1259 288 1414 367 Deinde,

248 401 359 446 eorum
374 401 457 442 unus
480 379 593 463 uisque
606 377 829 476 prescriptum
844 385 977 462 prestet
990 377 1148 462 exigente
1158 375 1302 442 Preside
1310 382 1415 462 jura·

248 473 407 532 mentum.
453 402 950 548 instoa,nquirat1’raestdens
972 463 1083 548 palam
1107 470 1142 528 et
1167 461 1300 546 publice
1326 471 1416 528 vota

248 551 447 639 singulorum
462 549 592 614 illorum
607 555 745 635 septem,
758 557 793 614 et
806 549 864 614 ille
879 571 940 636 pro
949 547 1226 635 Vicepraesidente
1240 548 1414 616 habeatur

249 660 348 725 quem
371 658 484 704 ornnes
504 635 555 702 illi
577 657 611 708 se
637 644 704 706 tens
729 636 887 714 seniores,
909 634 964 708 vel
986 637 1091 722 major
1114 657 1193 721 pars
1222 635 1410 701 eorundem

250 734 390 811 septem,
409 745 484 796 curn
502 722 599 788 Praesi
624 729 710 796 ente,
724 721 761 791 in
780 722 940 809 primast
959 722 1055 791 unica
1069 721 1127 787 illa
1139 722 1357 808 inquisitione
1376 735 1411 786 et

250 811 472 886 nominatione
499 807 748 877 nominaverint.
795 808 839 880 Et
862 809 891 878 si
914 808 963 874 ita
986 807 1178 874 discordent
1197 808 1283 874 inter
1307 831 1346 874 se
1369 816 1412 873 ut

251 896 318 963 duo
342 897 395 965 vel
420 903 489 962 tres
516 895 685 964 nominent
710 916 809 963 unum
831 903 866 960 et
891 895 947 966 alii
970 893 1037 961 duo
1060 894 1112 960 rel
1137 901 1206 958 tres
1231 895 1411 960 nominent

251 984 362 1056 alium,
378 1003 437 1060 nec
457 981 491 1046 in
506 980 564 1044 illa
588 982 695 1067 prima
708 990 742 1047 et
757 982 852 1047 unica
874 981 1091 1048 nominatione
1112 980 1259 1067 quinque
1282 1002 1326 1046 ex
1340 981 1411 1046 illis

252 1068 434 1144 senioribus
456 1068 491 1132 in
516 1089 619 1132 unum
644 1068 877 1140 consenserint,
903 1075 981 1135 tunc
1004 1068 1122 1134 iterum
1151 1067 1320 1132 consimile
1346 1069 1412 1132 fiat

252 1155 442 1222 scrutinium
454 1178 463 1231 ;
479 1154 512 1219 in
524 1175 589 1240 quo
601 1153 630 1226 si
642 1153 750 1221 adhue
765 1155 911 1241 quinque
926 1176 966 1220 ex
981 1153 1046 1218 illis
1057 1153 1238 1218 senioribus
1252 1153 1286 1217 in
1301 1176 1411 1218 unum

252 1261 460 1325 nequaquam
467 1241 699 1321 consenserint,
708 1248 788 1307 tunc
801 1263 842 1306 eo
855 1263 943 1319 casu,
957 1239 1035 1326 quia
1044 1239 1196 1304 nolumus
1206 1240 1304 1306 istam
1317 1239 1411 1306 elec·

251 1329 374 1395 tionem
390 1326 517 1391 diutius
533 1325 668 1403 differri,
683 1327 739 1392 ille
752 1349 814 1427 pro
829 1325 1107 1414 Vicepraesidente
1126 1325 1288 1392 habeatur
1306 1348 1411 1413 quem

91 1431 228 1478 beennon
254 1414 341 1482 solus
357 1411 545 1479 Proesidens
568 1412 702 1479 duxerit
724 1412 926 1500 eligendum.
971 1413 1014 1477 Et
1027 1413 1184 1499 quoniam
1206 1413 1240 1476 in
1255 1412 1317 1476 hoo
1340 1421 1411 1478 sta·

90 1491 141 1538 ⁰¹⁸
151 1491 243 1538 ΒΜ·
255 1508 329 1573 tuto
344 1508 379 1574 et
393 1497 664 1585 precedentibus,
685 1521 723 1568 ac
739 1501 839 1567 etiarn
854 1499 888 1563 in
904 1498 1118 1584 sequentibus
1133 1500 1274 1574 statutis,
1289 1501 1411 1564 crebra

170 1617 176 1630 ·
256 1587 293 1650 lit
307 1587 432 1656 mentio
447 1584 489 1648 de
512 1585 705 1660 senioribus,
721 1607 766 1652 ne
779 1585 857 1652 inde
871 1585 998 1650 orietur
1018 1586 1245 1657 controversia,
1262 1584 1408 1650 declara·

255 1694 327 1745 mus
341 1693 400 1736 nos
416 1671 540 1755 ubique
560 1673 681 1738 sentire
697 1671 740 1736 de
754 1672 937 1737 senioribus
951 1679 1028 1736 tnnc
1042 1671 1078 1735 in
1090 1671 1312 1737 Universitate
1324 1694 1409 1758 prae-

255 1758 417 1836 sqntibus.
461 1757 504 1820 Et
524 1779 584 1824 nos
607 1757 863 1844 interpretamur
883 1759 919 1823 in
933 1758 1084 1823 omnibus
1108 1759 1190 1822 actis
1213 1759 1304 1823 intra
1326 1759 1409 1822 Col-

148 1897 154 1908 ,
254 1844 381 1930 legium
409 1842 565 1908 faciendis
591 1852 649 1912 aut
677 1843 883 1911 celebrandis
912 1866 968 1909 eos
996 1865 1068 1908 esse
1096 1850 1133 1908 et
1160 1846 1304 1930 reputari
1333 1845 1409 1910 aliis

256 1931 400 2006 seniores
414 1931 515 2016 quiin
532 1930 757 1998 Universitate
771 1931 909 2011 oxonii,¹
918 1931 955 1998 iu
969 1931 1176 2017 susceptione
1192 1931 1355 2016 gradmn
1372 1939 1409 1996 et

256 2017 499 2104 disciplinarum
515 2016 642 2098 studiis,
658 2025 697 2085 ut
711 2039 783 2084 mos
798 2025 860 2097 est,
875 2018 968 2104 prius
982 2017 1108 2082 caeteris
1121 2018 1254 2082 fuerant
1269 2017 1408 2082 admissi

256 2112 292 2168 et
311 2101 444 2190 recepti.
490 2102 650 2188 Itemque,
664 2105 700 2168 in
715 2103 882 2188 discipulis
895 2125 971 2170 enm
985 2103 1051 2168 alio
1064 2125 1236 2170 censemus
1246 2105 1407 2169 seniorem

256 2190 317 2274 qui
338 2191 431 2277 prius
454 2211 494 2256 eo
515 2192 549 2254 in
570 2189 766 2277 discipulum
787 2191 891 2255 nostri
905 2188 1046 2278 Collegii
1066 2199 1139 2254 erat
1162 2189 1344 2258 admissos:
1372 2197 1408 2257 et

189 2331 192 2338 .
256 2277 323 2353 rint
337 2277 821 2363 onnesjnniorssprobntionis
834 2276 1004 2344 biennium
1018 2276 1203 2365 agentibus

464 2485 545 2572 Cap.
560 2484 590 2549 7.
613 2488 665 2551 Da
680 2488 876 2552 Desertorem
890 2486 1039 2573 qualitate
1052 2496 1080 2550 et
1094 2488 1199 2573 officio.

302 2624 396 2692 Inter
405 2625 548 2712 opifices,
563 2624 679 2711 quales
693 2626 728 2691 in
743 2624 795 2693 his
805 2626 925 2691 nostris
935 2626 1062 2691 aedibus
1071 2633 1277 2713 exoptamus,
1293 2647 1407 2712 specu-

255 2712 376 2780 latores
396 2720 431 2777 et
444 2711 544 2776 iidem
567 2733 715 2777 censores
735 2713 811 2798 jure
832 2735 851 2777 e
917 2712 1010 2776 tendi
1025 2720 1113 2792 sunt,
1128 2714 1185 2799 qui
1207 2712 1317 2798 operis
1330 2735 1406 2778 con·

256 2797 469 2867 structionem
495 2799 674 2884 perficiant,
699 2820 851 2885 operosos
892 2799 1027 2874 audent,
1054 2806 1226 2886 torpentes
1253 2808 1406 2884 arguant,

93 2907 239 2956 ormotwo
257 2883 462 2971 negligentes
480 2892 641 2951 accusent.
688 2885 856 2963 Quocirca,
873 2884 1076 2950 decernimus
1090 2893 1129 2950 ut
1151 2884 1187 2949 in
1202 2892 1314 2949 nostro
1329 2886 1404 2950 Gol-

95 2967 186 3014 Μ
257 2972 346 3058 legio
360 2972 427 3040 sint
442 2972 509 3037 duo
524 2972 695 3050 Censores,
719 2993 799 3057 quos
823 2972 977 3035 Dacanos
994 2971 1157 3059 appellari
1179 2971 1340 3051 volumus,
1362 2994 1404 3038 ex

256 3057 502 3123 discretioribus
522 3065 556 3122 et
571 3058 803 3122 maturioribus
821 3058 921 3122 Sociis
942 3056 1037 3121 electi
1051 3080 1110 3143 per
1124 3057 1355 3121 Praesidentem
1371 3066 1405 3123 et

254 3152 380 3230 septem
397 3144 507 3210 Socios
522 3146 664 3211 maxime
679 3144 823 3211 seniores
838 3143 963 3212 tunain
975 3143 1200 3209 Universitate
1214 3153 1402 3229 praesentes,

257 3229 434 3295 secundum
462 3230 596 3293 modum
632 3229 831 3317 descriptum
861 3230 896 3294 in
924 3229 1080 3295 electione
1109 3229 1402 3316 Vicepraesidentis.

141 3324 155 3396 ‚⁹
258 3315 387 3383 Horum
411 3316 550 3383 officinm
566 3316 629 3382 erit
641 3318 799 3403 speculari
813 3323 848 3381 et
863 3316 1033 3381 aduertere
1056 3316 1097 3380 ad
1113 3316 1291 3389 Sociorum,
1312 3316 1402 3381 scho-

176 3417 182 3433 ·
256 3401 383 3478 larium,
394 3402 641 3490 discipulorum,
655 3405 932 3467 conversationem
942 3410 976 3467 et
988 3404 1143 3489 regimen,
1156 3402 1299 3488 quodam
1307 3411 1404 3488 pacto

256 3489 291 3555 in
307 3510 431 3555 morum
447 3487 620 3554 honestate
643 3489 754 3554 studio
767 3489 962 3561 scholastico
976 3489 1276 3575 indicnproficiant,
1293 3497 1328 3552 et
1348 3512 1402 3554 eos

257 3572 488 3659 delinquentes
511 3575 673 3661 corripere
699 3586 731 3638 et
756 3576 931 3661 increpare,
956 3576 1104 3661 ipsorum
1130 3576 1402 3661 transgressiones

256 3681 413 3726 excessus.
428 3667 464 3724 et
485 3658 605 3725 delicta
627 3660 817 3725 Praesidenti
840 3661 896 3725 vel
909 3661 1175 3747 Vicepraesidenti
1196 3661 1400 3743 denuntiare,

256 3745 430 3832 etutipsa
447 3746 547 3832 juxta
567 3745 788 3811 ordinationes
809 3755 844 3811 et
866 3755 990 3812 statuta
1011 3757 1125 3814 nostra
1145 3749 1351 3835 corrigantur.
1368 3756 1405 3813 et

256 3832 437 3918 puniantur
461 3830 638 3919 diligenter
652 3834 797 3912 instare3
821 3832 1013 3899 Praesidenti
1028 3844 1063 3899 et
1076 3834 1347 3922 Vicepraesidenti
1366 3838 1400 3899 in

257 3919 401 3987 consiliis
414 3925 449 3986 et
463 3919 700 3985 munitionibus
716 3922 887 3987 assistere:
910 3923 945 3983 in
961 3922 1085 4007 quibus
1098 3922 1126 3985 si
1146 3922 1354 4008 negligentes
1367 3931 1405 3987 eb

258 4006 437 4095 culpabiles
459 4005 524 4091 ipsi
537 4005 666 4071 Decani
689 4016 746 4072 aut
766 4029 878 4072 eorum
895 4007 1023 4093 aliquis,
1039 4010 1092 4072 vel
1107 4008 1207 4071 etiam
1223 4009 1330 4094 quiris
1344 4008 1400 4072 ali·

257 4094 357 4175 cujus.
374 4091 689 4179 eornmdeputatns,
704 4094 921 4178 reperiantur,
940 4115 999 4157 nec
1024 4116 1086 4180 per.
1098 4094 1334 4160 Praesidentem
1346 4103 1405 4160 aut
1487 4125 1488 4128 ¹

258 4177 572 4265 Viceprresidentem
604 4181 721 4245 moniti
751 4200 786 4245 se
816 4180 1073 4253 emendaverint,
1102 4188 1180 4244 tunc
1210 4181 1399 4244 anctoritate

257 4263 478 4345 Praesidentis‚
503 4268 676 4330 assistente
702 4266 765 4330 ribi
789 4265 1075 4352 Vicepraesidente‚
1099 4265 1201 4330 altero
1233 4265 1399 4353 dispeusa-

258 4360 364 4417 teram
380 4353 431 4417 vel
446 4352 554 4437 aliqno
565 4362 691 4438 septam
705 4353 845 4416 maxime
860 4352 1021 4415 saniorum
1039 4373 1104 4414 non
1120 4353 1285 4427 officiario,
1298 4363 1404 4419 careat
