3000 4700
255 221 298 282 20
459 219 594 286 Statutcs
608 221 647 304 qs
659 218 778 302 Corpus
796 217 915 284 Carini
932 217 1056 302 Collega,
1075 217 1204 302 Orsord.

258 382 426 470 graduatis
440 383 592 453 externis,
602 382 699 468 logici
714 382 817 445 nostri
833 383 928 445 nnius
944 381 1032 453 anni,
1041 381 1075 444 id
1091 387 1143 444 est
1157 379 1215 464 qui
1226 397 1286 464 per
1300 394 1406 440 unum

257 491 378 533 annum
401 471 565 555 integrum
591 471 624 532 in
645 467 915 551 nostroCollegio
941 475 1015 554 post
1036 487 1150 530 eorum
1172 467 1205 528 in
1227 462 1409 548 discipulos

256 555 483 619 admissionem
515 555 699 642 sophisticae
727 565 762 619 et
790 554 966 618 dialecticas
994 554 1225 631 incubuerunt,
1258 551 1407 612 externis

256 662 321 704 non
351 640 522 727 graduatis
558 642 819 726 quibuscunque,
848 648 883 704 ct
911 638 1066 727 sophistas
1093 639 1200 702 nostri
1233 659 1270 700 ac
1307 634 1408 720 logici

255 727 371 811 reliqui
387 727 530 791 externis
546 749 611 790 non
626 727 847 798 biennalibus,
861 725 895 789 id
910 737 959 790 est
973 728 1030 812 qui
1044 726 1215 789 biennium
1235 721 1407 808 sophistice

255 823 290 876 et
310 812 537 877 dialecticam
554 811 781 876 Unirersitate
797 811 921 876 Oxonii
936 835 1000 876 non
1015 812 1248 886 incubuerunt,
1263 810 1299 871 in
1316 810 1406 871 omni

256 899 413 963 electione
439 898 632 963 scholarium
661 898 701 962 ad
728 898 899 961 biennium
924 897 1137 985 probationis,
1164 896 1404 981 praeferantur;

256 985 352 1048 modo
382 986 541 1050 dioeceses
567 995 601 1048 et
626 986 800 1048 comitatus
829 1005 888 1070 per
911 1006 971 1047 nos
1000 985 1161 1069 assignati
1189 1004 1255 1045 non
1284 980 1405 1044 adver·

258 1082 378 1140 seritur,
396 1095 454 1134 nec
471 1071 594 1158 insigni
607 1071 731 1134 fuerint
755 1070 880 1155 ingenii
902 1069 1070 1141 tarditate,
1087 1069 1147 1133 sed
1169 1068 1211 1132 ad
1235 1067 1403 1153 proficien-

259 1157 335 1220 dum
362 1159 394 1221 in
411 1157 588 1241 dsciplinis
611 1157 677 1218 sint
699 1156 915 1242 probabiliter
937 1156 1016 1241 apti.
1062 1155 1160 1232 Quod
1181 1155 1209 1217 si
1231 1154 1405 1238 contingat

259 1244 399 1328 aliquem
417 1245 468 1306 rel
493 1243 616 1328 aliquos
641 1263 683 1306 ex
710 1242 828 1304 nostris
850 1241 1027 1328 discipulis,
1049 1241 1259 1326 exigentibus
1282 1241 1405 1302 nostris

259 1330 394 1392 statutis
416 1337 582 1402 eteorum
605 1329 738 1406 meritis,
755 1327 796 1390 ad
819 1328 956 1411 gradum
980 1327 1193 1414 Magistratus
1217 1328 1251 1388 in
1276 1327 1404 1388 artibus

259 1413 339 1477 dum
349 1414 383 1477 in
396 1414 541 1502 Collegio
555 1416 728 1476 manserint
744 1415 937 1498 promoveri,
950 1423 1007 1477 aut
1019 1414 1109 1500 quod
1121 1413 1280 1476 licentiati
1293 1421 1405 1476 vocant

259 1500 398 1570 admitti,
422 1523 487 1576 eos,
512 1501 734 1584 cujuscunque
754 1499 878 1562 suerint
893 1499 1043 1564 dioecesis
1063 1507 1122 1562 aut
1144 1499 1323 1562 comitatus
1346 1520 1404 1582 per

257 1607 317 1648 nos
332 1584 599 1670 supranominati,
615 1585 713 1646 etiam
728 1585 917 1663 invacantis,
932 1585 1181 1671 quibuscunque
1196 1584 1344 1648 externis
1367 1606 1404 1646 ac

256 1671 440 1735 domesticis
456 1670 526 1733 aliis
541 1669 696 1756 praeierri,
712 1681 746 1734 et
762 1670 795 1733 in
810 1670 881 1734 loca
902 1671 1046 1756 proxime
1060 1679 1216 1734 vacatura
1229 1693 1270 1733 eo
1287 1669 1404 1733 ordine

255 1778 323 1840 quo
347 1758 489 1820 seniores
513 1759 545 1818 in
562 1756 710 1841 Collegio
727 1757 859 1833 fuerint,
876 1777 897 1818 a
911 1757 1052 1820 maxime
1074 1779 1185 1820 eorum
1207 1756 1336 1820 seniore
1351 1756 1404 1818 in-

254 1841 410 1913 choando,
425 1841 531 1928 gradu
547 1864 605 1904 suo
615 1863 680 1904 non
696 1843 856 1919 obstante,
868 1841 958 1926 eligi,
969 1842 1102 1907 admitti
1116 1851 1151 1906 et
1162 1841 1279 1919 suffici,
1292 1844 1402 1906 decer-

255 1929 370 2006 nimus,
384 1929 560 1992 statuimus
576 1938 608 1990 et
620 1928 837 2013 praecipimus,
849 1938 1142 2014 quantumcunque
1152 1939 1277 1992 statuta
1287 1939 1404 1992 nostra

250 2015 423 2099 jamdicta
449 2015 522 2078 huic
543 2014 717 2099 provisioni
736 2014 911 2077 videantur
932 2035 1129 2100 repugnare,
1145 2037 1180 2077 ac
1196 2015 1298 2079 etiam
1323 2037 1403 2099 pro-

90 2125 196 2171 nurum
256 2102 336 2163 visio
361 2101 459 2165 tertia
481 2099 534 2163 hic
550 2099 721 2184 adscripta.
768 2099 982 2172 secundant
998 2101 1116 2178 nullus,
1133 2101 1199 2164 sive
1216 2099 1402 2187 graduatus

88 2183 211 2288 {tffifflflfffi
256 2189 296 2249 sit
320 2187 388 2249 sire
411 2209 476 2249 non
503 2184 695 2271 graduatus,
722 2187 944 2272 cujuscunque
971 2187 1014 2249 sit
1043 2187 1194 2251 dioecesis
1219 2197 1278 2251 aut
1302 2190 1403 2251 comi-

89 2256 228 2348 ἐθῖἷξψοξῖ
256 2280 354 2342 tatus,
369 2272 403 2333 in
422 2273 551 2334 Socium
566 2271 617 2332 vel
633 2269 811 2334 scholarem
836 2270 879 2334 ad
896 2273 1047 2336 biennem
1072 2275 1106 2335 in
1128 2282 1237 2336 nostro
1253 2271 1403 2359 Collegio

87 2358 235 2479 frryf’ddlbldr
255 2358 480 2443 probationem
508 2357 645 2442 eligatur
669 2364 728 2419 aut
750 2360 946 2437 nominetur,
969 2359 1030 2423 nisi
1053 2362 1112 2445 qui
1134 2358 1282 2444 legitimo
1304 2359 1403 2425 thoro

255 2453 352 2507 natus
367 2443 420 2513 sit,
437 2443 558 2591 quique
571 2464 636 2505 non
651 2442 754 2505 solum
769 2444 803 2505 in
819 2447 1030 2528 grammatica
1044 2440 1103 2509 sed
1119 2447 1221 2509 etiam
1232 2448 1267 2509 in
1281 2449 1402 2532 poetis,

253 2528 438 2593 oratoribus
449 2536 485 2592 et
524 2526 780 2613 istoriographis‚
793 2528 920 2594 latinis
931 2532 979 2594 ita
988 2531 1137 2596 eruditus
1151 2533 1205 2609 sit,
1218 2545 1253 2595 ut
1271 2541 1402 2597 extem-

252 2637 332 2700 pore
347 2614 503 2700 epistolas
518 2612 642 2677 dictare
657 2624 691 2678 et
705 2616 848 2679 carmina
862 2617 1069 2681 mediocriter
1090 2618 1171 2681 sciat
1193 2640 1401 2704 componere.

253 2700 351 2777 Quod
374 2701 400 2761 si
418 2699 562 2762 fortassis
588 2699 621 2761 in
645 2707 791 2783 tempore
814 2702 981 2765 electionis
1005 2704 1087 2766 tales
1111 2703 1193 2767 adeo
1214 2706 1343 2789 experti
1366 2709 1401 2770 in

251 2785 346 2849 bonis
359 2784 463 2848 literis
483 2784 516 2846 in
537 2784 761 2849 Universitate
784 2807 848 2849 non
870 2787 1091 2866 inveniantur,
1115 2791 1338 2874 permittimus
1362 2804 1401 2857 ut

252 2870 406 2956 procedat
418 2870 543 2943 electio,
558 2871 587 2933 si
600 2870 672 2933 aliae
688 2870 798 2934 adsint
810 2872 1005 2957 qualitates3
1019 2897 1060 2939 ea
1074 2885 1182 2938 tamen
1199 2877 1401 2950 conditione,

249 2970 285 3020 ut.
308 2958 397 3045 prius
422 2957 502 3020 sciat
525 2956 668 3020 carmina
691 2956 796 3020 lacere
818 2969 850 3019 et
871 2960 1042 3043 epistolam
1067 2960 1189 3024 dictare
1211 2984 1313 3047 quam
1338 2966 1400 3028 ali-

249 3044 339 3129 quod
362 3043 617 3108 emolumentum
631 3064 648 3103 e
663 3040 755 3106 Colle
782 3042 812 3105 ‘o
826 3045 987 3130 percipiat
1010 3056 1056 3126 (et
1078 3046 1137 3109 hoc
1160 3051 1400 3114 committimus

247 3130 370 3194 sincero
389 3138 423 3193 et
448 3151 514 3193 non
539 3134 691 3214 corrupto
710 3128 747 3211 ju
775 3128 834 3191 icio
851 3129 1070 3210 Praesidentis,
1096 3134 1399 3220 Vicepraesidentis,

248 3216 346 3280 unius
364 3216 491 3280 Decani
513 3215 632 3278 artium
649 3221 682 3276 et
700 3213 845 3277 Lectoris
867 3217 1092 3296 humanitatis,
1108 3227 1174 3298 aut,
1191 3218 1244 3283 his
1267 3220 1399 3286 dissen-

247 3304 411 3381 tientibus,
423 3301 635 3365 Praesidentis
646 3308 680 3363 et
695 3298 832 3362 duorum
845 3322 885 3363 ex
899 3299 1030 3387 dictis);
1045 3304 1254 3391 primamque
1270 3306 1399 3375 habeat

246 3397 413 3451 tonsuram
440 3386 632 3461 clericalem,
664 3406 725 3447 nec
749 3385 880 3470 aliquod
910 3386 1174 3473 impedimentum
1199 3395 1397 3459 canonicum

246 3482 365 3571 prmter
380 3482 510 3535 atatem
535 3471 577 3535 ad
597 3468 743 3537 ordinem
758 3469 928 3533 sacerdotii
950 3473 1103 3557 patiatur.
1149 3476 1275 3555 Tertio,
1302 3484 1397 3566 quod

245 3580 279 3620 rn
296 3567 408 3621 nostro
424 3557 574 3642 Collegio
595 3576 766 3641 uunquam
783 3555 879 3618 simul
892 3556 958 3620 duo
973 3560 1009 3621 in
1023 3580 1090 3623 uno
1106 3581 1138 3624 et
1153 3561 1271 3628 eodem
1295 3570 1396 3630 comi·
1495 3583 1497 3588 ’

245 3654 315 3706 tatu
339 3652 397 3707 aut
419 3642 554 3707 dioecesi
579 3641 645 3704 nati
669 3639 883 3722 reperiantur,
905 3644 961 3726 qni
988 3644 1085 3708 alium
1110 3647 1164 3711 vel
1188 3648 1270 3713 alios
1295 3656 1395 3717 comi·

243 3739 347 3794 tatum
364 3728 416 3792 vel
438 3729 616 3804 comitatus,
631 3725 798 3791 dioecesim
820 3736 879 3790 aut
901 3727 1068 3805 dioecescs,
1084 3755 1182 3817 quam
1202 3735 1297 3800 unde
1320 3742 1396 3804 nati

240 3814 381 3883 fuerant,
397 3813 546 3877 obtinent
571 3820 628 3876 aut
652 3822 820 3897 occupant.
866 3812 962 3889 Quod
985 3824 1023 3878 ut
1039 3820 1252 3900 commodius,
1268 3828 1394 3890 certius

240 3912 275 3966 et
299 3902 469 3987 integrius,
489 3900 522 3962 in
540 3920 634 3962 omne
650 3920 752 3962 aevum
769 3907 925 3975 servetur,
941 3900 1092 3967 volumus
1106 3914 1140 3968 et
1155 3908 1337 3975 statuimus
1358 3923 1394 3977 ut

239 3990 360 4074 quaeris
383 4008 541 4073 personae,
564 3984 708 4069 proelio
730 3985 888 4049 comitatu
912 3985 961 4049 vel
983 3986 1119 4053 dioecesi
1141 4012 1241 4073 quam
1263 3994 1299 4058 in
1325 4020 1394 4081 quo

239 4084 325 4139 natae
348 4082 435 4152 sunt,
459 4073 493 4136 in
525 4070 702 4135 scholarem
726 4070 769 4135 ad
794 4070 965 4136 biennium
986 4075 1192 4158 probationis
1214 4079 1331 4144 electas
1357 4092 1393 4147 et

237 4169 422 4247 assomptae,
448 4166 515 4221 tarn
540 4157 597 4220 diu
621 4157 853 4221 existimentur
880 4165 915 4220 et
943 4170 1159 4224 numerentur
1184 4164 1218 4226 in
1250 4187 1292 4228 eo
1320 4170 1393 4233 loco
1491 4181 1496 4191 '

236 4245 383 4309 dioeeesis
397 4250 454 4308 aut
469 4244 640 4308 comitatus
663 4264 724 4327 pro
747 4264 814 4327 quo
836 4241 947 4305 electae
961 4254 1048 4322 sunt,
1064 4246 1173 4329 quoad
1188 4260 1282 4315 vacet
1297 4253 1391 4319 locus

235 4332 269 4393 in
293 4355 352 4396 sna
370 4330 504 4417 propria
527 4327 661 4392 dioecesi
688 4335 722 4389 et
745 4328 922 4402 comitatu3
945 4338 1038 4408 quein
1063 4330 1169 4395 locum
1193 4334 1391 4407 immediate

235 4432 405 4499 postquam
421 4412 584 4478 racarerit
600 4411 665 4475 sibi
680 4411 846 4475 vindicare
870 4419 906 4473 et
929 4413 1096 4496 assignari,
1121 4440 1157 4480 ac
1184 4419 1219 4482 in
1247 4444 1288 4486 eo
1316 4425 1390 4493 loco
