3000 4700
240 197 283 263 94
441 199 628 284 stanneos
640 197 759 280 Corpus
777 192 897 260 Christi
913 191 1038 277 Collega,
1060 190 1188 275 Osford.

239 362 374 449 aiicujus
389 362 516 426 numeri
529 363 563 426 in
579 361 797 448 praesentibus
810 357 943 422 statutis
953 356 1118 442 assignati,
1129 364 1243 421 eontra
1253 357 1393 419 sormam

239 457 447 523 statutorum,
465 448 520 512 vel
541 470 579 511 ea
601 447 682 519 fieri,
700 453 857 533 quantum
881 445 913 506 in
929 466 982 507 me
1001 445 1107 521 fuerit,
1124 447 1311 530 permittam
1329 451 1394 506 aut

240 537 437 600 consentiam
454 556 585 621 quoquo
601 532 710 596 modo.
759 532 856 610 Item,
875 531 963 616 quod
978 532 1089 593 omnia
1109 540 1237 594 statuta
1251 539 1284 594 et
1300 529 1392 591 ordi·

240 623 388 684 nationes
417 621 539 685 dictum
567 619 750 705 Collegium
766 619 1005 696 concernentia,
1028 637 1088 702 per
1110 615 1327 681 reverendum
1354 615 1393 678 in

240 707 374 772 Christo
397 717 525 794 patrem
547 705 713 769 dominum
737 703 914 768 Ricardum
938 701 1010 766 Fox
1034 703 1258 768 Fundatorem
1285 701 1393 787 hujus

241 793 382 880 Collegii
397 792 488 859 edita
502 803 536 856 et
550 791 688 864 edenda,
705 790 884 855 seeundum
899 790 1045 875 planum,
1058 789 1216 853 literalem
1229 797 1264 853 et
1278 809 1393 874 gram·

239 879 435 956 metientem,
453 900 583 942 sensum
603 887 635 942 et
651 877 864 954 intellectum,
880 887 1039 962 quantum
1057 875 1098 939 ad
1115 899 1166 939 me
1180 873 1393 962 pertinuerit,

238 965 470 1032 inviolabiliter
493 964 685 1038 observabo,
709 972 921 1049 acquantum
946 962 978 1024 in
1004 985 1056 1026 me
1080 948 1179 1025 fuerit
1201 962 1315 1026 faciam
1344 962 1392 1024 ab

239 1051 312 1115 aliis
327 1052 501 1116 observari.
546 1050 667 1136 Neque
683 1050 749 1114 alia
762 1060 883 1113 statuta
903 1047 980 1118 nlla,
999 1071 1058 1112 scu
1080 1047 1312 1120 ordinationes,
1326 1050 1391 1110 im-

239 1140 445 1223 petrationes,
467 1137 693 1224 injunctiones,
713 1135 948 1199 declarationes
968 1145 1026 1198 aut
1051 1135 1282 1220 expositiones,
1301 1155 1391 1219 prae·

239 1225 390 1288 sentibus
413 1223 676 1287 ordinationibus
704 1229 738 1286 et
765 1221 908 1300 statutis,
934 1220 986 1285 vel
1010 1220 1285 1307 qualitercunque
1310 1242 1391 1284 vero

238 1309 422 1374 intellectui
438 1308 616 1373 eorundem
633 1308 863 1394 repugnantia,
879 1306 1070 1394 derogantis
1078 1307 1129 1370 vel
1142 1308 1312 1386 contraria,
1328 1329 1391 1390 per

239 1416 468 1481 quemcunque
484 1417 544 1459 seu
559 1415 771 1480 quoscunque
786 1393 886 1456 alium
901 1415 958 1455 seu
977 1394 1059 1456 alios
1074 1416 1171 1478 quarn
1188 1415 1248 1478 per
1262 1392 1390 1455 dietum

239 1479 452 1546 reverendum
487 1489 614 1567 patrem
646 1479 814 1543 dominum
854 1478 1028 1542 Ricardum
1060 1478 1131 1543 Fon
1161 1479 1389 1544 Fundatorem

240 1567 399 1645 facienda,
421 1566 488 1630 ullo
503 1575 599 1652 paeto
619 1566 759 1630 scienter
783 1568 969 1650 acceptabo,
989 1565 1041 1629 vel
1053 1567 1102 1629 eis
1116 1566 1316 1629 consentiam
1330 1575 1392 1629 aut

240 1674 279 1716 es
294 1653 466 1717 admittam
491 1652 560 1715 ullo
582 1662 739 1738 tempore,
757 1673 817 1714 nec
840 1651 903 1714 illis
920 1651 972 1714 rel
986 1673 1098 1715 eorum
1122 1653 1231 1737 alique
1255 1661 1334 1715 utar
1353 1653 1391 1715 in

241 1737 391 1824 Collegio
405 1737 564 1824 praedicto
578 1738 630 1801 vel
652 1746 758 1817 extra,
778 1738 877 1800 tacite
897 1738 951 1800 rel
972 1758 1136 1824 expresse.
1181 1740 1390 1823 Interpreta-

240 1824 397 1896 tiouibus,
420 1834 541 1902 tamen,
564 1823 837 1910 injunctionibus,
852 1822 1128 1888 declarationibus
1153 1834 1187 1888 ct
1208 1825 1390 1909 expositio-

239 1912 348 1990 nibus,
372 1932 431 1996 per
454 1911 651 1974 reverendos
676 1912 710 1972 iu
737 1908 869 1974 Christo
891 1919 1013 1994 patres,
1039 1909 1165 1974 domini
1191 1910 1392 1974 Fundatoris

239 2018 452 2075 successores,
470 1997 651 2084 Episcopus
671 1995 928 2074 Wintenienses,
944 2016 1045 2080 super
1059 1997 1172 2059 dubiis
1185 2004 1390 2060 statutorum

238 2082 494 2169 emergentibus,
517 2083 698 2146 secundum
712 2083 848 2145 formam
864 2083 898 2144 in
914 2082 1037 2145 eisdem
1059 2081 1254 2166 descriptam
1274 2082 1388 2169 dispu-

239 2167 329 2250 tatis,
344 2169 510 2249 faciendis,
524 2167 674 2232 obediam
700 2180 731 2230 et
751 2190 826 2231 curn
849 2166 972 2247 effectu,
988 2170 1117 2232 etiamsi
1143 2191 1226 2232 meae
1242 2170 1388 2254 opinioni

239 2255 460 2334 adversentur,
485 2255 619 2341 parebo.
667 2254 764 2331 item,
778 2252 868 2338 quod
885 2275 950 2317 non
978 2277 1032 2318 ero
1046 2256 1218 2328 detractor,
1243 2278 1388 2337 susurro,

239 2340 362 2406 faciens
377 2341 545 2427 obloquia,
562 2347 622 2404 ant
641 2360 821 2427 provocans
836 2338 958 2417 odium,
972 2339 1068 2413 iram,
1085 2340 1290 2417 discordiam,
1307 2346 1390 2409 invi·

240 2427 338 2500 diam,
356 2425 581 2497 contumelias,
600 2426 687 2489 rixas
701 2426 754 2489 vel
763 2427 891 2511 jurgia,
909 2436 968 2491 aut
987 2428 1144 2514 speciales
1167 2438 1228 2494 aut
1251 2432 1389 2517 praecel-

240 2513 345 2578 lentes
358 2513 598 2599 praerogativas
609 2512 793 2576 nobilitatis
807 2514 944 2597 generis,
959 2515 1178 2591 scientiarum,
1192 2518 1388 2583 facultatum

239 2610 299 2664 aut
313 2598 509 2678 divitiarum,
525 2598 680 2684 allegans,
701 2621 757 2662 nee
773 2600 858 2663 iuter
877 2599 986 2665 Socios
1002 2601 1150 2687 ejusdem
1167 2602 1311 2689 Collegii
1330 2615 1390 2670 aut

239 2685 319 2749 alios
337 2683 571 2749 Universitatis
592 2685 791 2748 Oxoniensis
805 2685 970 2749 scholares
983 2688 1153 2764 australes,
1169 2689 1389 2775 aquilonares,

239 2794 297 2835 seu
313 2769 468 2849 boreales,
485 2778 543 2832 aut
559 2771 766 2833 scientiarum
783 2773 824 2833 ad
839 2772 999 2852 scientias,
1015 2775 1209 2840 facultatum
1224 2776 1268 2839 ad
1284 2777 1389 2841 facul-

239 2864 336 2936 tates,
346 2856 465 2942 patriae
481 2856 522 2919 ad
538 2858 689 2942 patriam,
702 2857 832 2941 generis
844 2857 884 2920 ad
895 2882 1008 2942 genus,
1019 2861 1204 2925 nobilitatis
1214 2861 1257 2925 ad
1269 2864 1389 2927 nobili-

239 2953 343 3008 tatem
353 2941 405 3006 vel
418 2940 460 3005 ad
474 2942 726 3027 ignobilitatem,
738 2964 798 3005 seu
808 2941 889 3005 alias
901 2966 1115 3033 quascunque
1127 2950 1389 3034 comparationes

238 3052 315 3115 quaa
330 3028 454 3092 ediosae
470 3037 557 3108 sunt,
579 3029 613 3090 in
629 3030 728 3091 verbo
743 3029 797 3090 vel
817 3030 910 3109 tacte,
925 3053 1023 3096 eausa
1038 3035 1267 3097 commovendi
1277 3036 1391 3101 Socios

239 3124 298 3179 aut
313 3115 476 3179 scholares
495 3115 630 3199 aliquos,
646 3114 716 3177 ullo
736 3135 881 3199 uuquam
903 3126 999 3201 paeto
1014 3118 1139 3186 faciam.
1186 3120 1284 3192 Item,
1300 3124 1389 3208 quod

238 3201 572 3279 nullaconventieula
582 3202 844 3284 conspirationes,
855 3202 1144 3269 confoederationes
1152 3229 1209 3271 seu
1241 3211 1388 3274 actiones

239 3288 374 3374 aliquas,
398 3288 486 3350 intra
509 3307 645 3370 regnum
664 3287 796 3371 Angliae
824 3288 876 3350 vel
898 3300 1002 3369 extra,
1026 3301 1141 3356 eontra
1163 3230 1390 3360 ordinationes

240 3386 273 3437 et
294 3381 421 3439 statuta
440 3371 564 3435 dietum
589 3372 680 3434 Colle
708 3373 774 3435 'um
798 3378 1113 3456 concernentia,ch
1137 3389 1252 3443 contra
1282 3382 1388 3467 ipsius

238 3468 374 3529 statum,
393 3456 597 3521 commodum
618 3457 667 3518 vel
711 3479 853 3539 onorem,
868 3460 919 3523 vel
940 3471 1053 3526 contra
1077 3464 1312 3530 Praesidcutem
1338 3470 1389 3532 vel

239 3542 559 3626 Vicepraesidentem,
578 3542 628 3604 vel
647 3542 786 3628 aliquem
801 3546 929 3608 Soeiurn
953 3559 1011 3613 aut
1034 3548 1216 3614 scholarem
1238 3552 1387 3639 ejusdem

239 3627 391 3711 Collegii,
415 3627 525 3715 illicite
540 3626 667 3699 faciam,
682 3629 734 3691 vel
760 3630 832 3713 ipsa
853 3635 1035 3715 procurabo
1054 3657 1111 3699 seu
1134 3639 1325 3720 permittam
1347 3642 1387 3703 ab

239 3714 310 3777 aliis
323 3712 401 3791 fieri,
440 3721 575 3776 uantum
592 3713 624 3775 in
638 3734 690 3777 me
705 3713 815 3785 hierit,
835 3738 892 3779 seu
908 3719 980 3801 ipsa
994 3720 1189 3787 facientibus
1205 3725 1258 3787 vel
1273 3746 1387 3789 eorum

239 3798 374 3886 aliquod
390 3798 432 3861 da
456 3820 475 3861 o
501 3798 684 3878 consilium,
705 3799 863 3864 auxilium
879 3804 929 3865 vel
952 3804 1106 3887 favorem,
1123 3818 1181 3872 aut
1200 3809 1322 3874 eisdem
1339 3813 1387 3875 in·

238 3898 359 3951 teresse
382 3905 588 3971 praesumam,
612 3906 670 3949 nee
699 3886 779 3972 ipsis
796 3890 997 3953 consentiam
1023 3894 1122 3957 tacite
1145 3894 1198 3958 vel
1220 3917 1385 3982 expresse.

244 3971 338 4036 Etsi
368 3971 509 4057 aliquem
535 3971 584 4035 vel
614 3972 744 4057 aliquos
774 3972 895 4037 scivero
918 3979 1118 4041 contrarium
1149 3980 1201 4044 vel
1224 3986 1389 4049 contraria

238 4058 393 4123 facientes
417 4064 477 4121 aut
498 4069 720 4144 procurantes,
743 4080 781 4120 ea
804 4057 996 4125 Praesidenti
1019 4072 1078 4127 aut
1099 4064 1181 4129 Vice
1206 4068 1387 4143 raesidenti,

239 4144 383 4209 Decanis
408 4152 443 4207 et
459 4145 758 4230 Dispensatoribus,
781 4148 1022 4230 quamprimum
1036 4158 1160 4235 potero,
1180 4088 1387 4220 denuntiabo

238 4251 401 4315 expresse,
412 4229 520 4294 verbis
535 4231 586 4292 vel
601 4231 739 4317 seriptis.
786 4230 950 4381 Quodque
964 4237 1251 4383 tranquillitatem,
1262 4264 1387 4328 pacem,

237 4315 426 4385 utilitatem,
440 4314 646 4379 commodum
661 4330 693 4380 et
706 4315 875 4393 honorem,
916 4318 973 4382 ieti
998 4319 1048 4383 Co
1061 4322 1151 4408 legii,
1168 4334 1202 4388 et
1218 4327 1386 4393 Sociorum
1429 4384 1433 4389 .

238 4401 409 4470 unitatem,
433 4408 592 4486 quantum
617 4402 650 4462 in
676 4423 727 4465 me
743 4404 839 4467 fuerit
857 4412 891 4465 et
910 4403 951 4466 ad
972 4427 1024 4468 me
1045 4410 1254 4492 pertinuerit,
1271 4415 1332 4477 viis
1356 4426 1388 4479 ct

238 4484 345 4549 modis
370 4484 489 4569 quibus
511 4494 626 4569 potero
651 4487 842 4554 observabo.
890 4490 933 4551 Et
959 4490 984 4550 si
1007 4493 1181 4578 contingat
1207 4519 1272 4575 me,
1298 4502 1387 4584 quod
