<?xml version="1.0" encoding="UTF-8"?>
<!DOCTYPE html PUBLIC "-//W3C//DTD XHTML 1.0 Transitional//EN"
    "http://www.w3.org/TR/xhtml1/DTD/xhtml1-transitional.dtd">
<html xmlns="http://www.w3.org/1999/xhtml" xml:lang="en" lang="en">
 <head>
  <title>
</title>
<meta http-equiv="Content-Type" content="text/html;charset=utf-8" />
  <meta name='ocr-system' content='tesseract 3.04.00' />
  <meta name='ocr-capabilities' content='ocr_page ocr_carea ocr_par ocr_line ocrx_word'/>
</head>
<body>
  <div class='ocr_page' id='page_1' title='image "./statutescollege02oxfogoog_0030.png"; bbox 0 0 3000 4700; ppageno 0'>
   <div class='ocr_carea' id='block_1_1' title="bbox 299 215 1248 302">
    <p class='ocr_par' dir='ltr' id='par_1_1' title="bbox 299 215 1248 302">
     <span class='ocr_line' id='line_1_1' title="bbox 299 215 1248 302; baseline -0.005 -19"><span class='ocrx_word' id='word_1_1' title='bbox 299 216 436 284; x_wconf 65' lang='lat' dir='ltr'><strong>&amp;metm</strong></span> <span class='ocrx_word' id='word_1_2' title='bbox 450 220 489 302; x_wconf 87' lang='lat' dir='ltr'><strong>of</strong></span> <span class='ocrx_word' id='word_1_3' title='bbox 500 215 618 302; x_wconf 68' lang='lat' dir='ltr'><strong>corpus</strong></span> <span class='ocrx_word' id='word_1_4' title='bbox 636 216 755 282; x_wconf 74' lang='lat' dir='ltr'><strong>Christi</strong></span> <span class='ocrx_word' id='word_1_5' title='bbox 771 218 898 302; x_wconf 69' lang='lat' dir='ltr'><strong>Callope,</strong></span> <span class='ocrx_word' id='word_1_6' title='bbox 917 217 1047 302; x_wconf 78' lang='lat' dir='ltr'><strong>Osford.</strong></span> <span class='ocrx_word' id='word_1_7' title='bbox 1227 216 1248 278; x_wconf 85' lang='lat'><strong>5</strong></span> 
     </span>
    </p>
   </div>
   <div class='ocr_carea' id='block_1_2' title="bbox 5 372 1411 4269">
    <p class='ocr_par' dir='ltr' id='par_1_2' title="bbox 5 372 1411 4269">
     <span class='ocr_line' id='line_1_2' title="bbox 95 372 1246 472; baseline 0.006 -37"><span class='ocrx_word' id='word_1_8' title='bbox 95 372 267 472; x_wconf 79' lang='lat' dir='ltr'><strong>electione,</strong></span> <span class='ocrx_word' id='word_1_9' title='bbox 279 401 384 464; x_wconf 90' lang='lat' dir='ltr'><strong>neque</strong></span> <span class='ocrx_word' id='word_1_10' title='bbox 403 380 438 444; x_wconf 89' lang='lat' dir='ltr'><strong>in</strong></span> <span class='ocrx_word' id='word_1_11' title='bbox 459 379 726 465; x_wconf 87' lang='lat' dir='ltr'><strong>aliaquacunque</strong></span> <span class='ocrx_word' id='word_1_12' title='bbox 738 381 774 445; x_wconf 91' lang='lat' dir='ltr'><strong>in</strong></span> <span class='ocrx_word' id='word_1_13' title='bbox 793 394 906 446; x_wconf 90' lang='lat' dir='ltr'><strong>nostro</strong></span> <span class='ocrx_word' id='word_1_14' title='bbox 922 380 1072 467; x_wconf 81' lang='lat' dir='ltr'><strong>Collegio</strong></span> <span class='ocrx_word' id='word_1_15' title='bbox 1090 375 1246 456; x_wconf 81' lang='lat' dir='ltr'><strong>iacienda,</strong></span> 
     </span>
     <span class='ocr_line' id='line_1_3' title="bbox 94 465 1245 550; baseline -0.001 -21"><span class='ocrx_word' id='word_1_16' title='bbox 94 481 240 548; x_wconf 70' lang='lat' dir='ltr'><strong>seipsum</strong></span> <span class='ocrx_word' id='word_1_17' title='bbox 263 467 435 550; x_wconf 89' lang='lat' dir='ltr'><strong>quisquam</strong></span> <span class='ocrx_word' id='word_1_18' title='bbox 460 469 615 546; x_wconf 89' lang='lat' dir='ltr'><strong>nominet,</strong></span> <span class='ocrx_word' id='word_1_19' title='bbox 641 489 701 532; x_wconf 91' lang='lat' dir='ltr'><strong>nec</strong></span> <span class='ocrx_word' id='word_1_20' title='bbox 727 488 820 532; x_wconf 88' lang='lat' dir='ltr'><strong>suam</strong></span> <span class='ocrx_word' id='word_1_21' title='bbox 842 489 954 532; x_wconf 86' lang='lat' dir='ltr'><strong>vocem</strong></span> <span class='ocrx_word' id='word_1_22' title='bbox 978 478 1037 531; x_wconf 90' lang='lat' dir='ltr'><strong>aut</strong></span> <span class='ocrx_word' id='word_1_23' title='bbox 1059 465 1245 550; x_wconf 87' lang='lat' dir='ltr'><strong>suffragium</strong></span> 
     </span>
     <span class='ocr_line' id='line_1_4' title="bbox 93 545 1246 640; baseline 0.003 -32"><span class='ocrx_word' id='word_1_24' title='bbox 93 545 233 614; x_wconf 88' lang='lat' dir='ltr'><strong>alterius</strong></span> <span class='ocrx_word' id='word_1_25' title='bbox 257 574 409 637; x_wconf 82' lang='lat' dir='ltr'><strong>personae</strong></span> <span class='ocrx_word' id='word_1_26' title='bbox 432 558 654 640; x_wconf 88' lang='lat' dir='ltr'><strong>cujuscunque</strong></span> <span class='ocrx_word' id='word_1_27' title='bbox 678 553 811 618; x_wconf 90' lang='lat' dir='ltr'><strong>arbitrio</strong></span> <span class='ocrx_word' id='word_1_28' title='bbox 837 561 873 618; x_wconf 90' lang='lat' dir='ltr'><strong>et</strong></span> <span class='ocrx_word' id='word_1_29' title='bbox 895 552 1099 637; x_wconf 76' lang='lat' dir='ltr'><strong>dispositioni</strong></span> <span class='ocrx_word' id='word_1_30' title='bbox 1120 551 1246 633; x_wconf 89' lang='lat' dir='ltr'><strong>quovis-</strong></span> 
     </span>
     <span class='ocr_line' id='line_1_5' title="bbox 93 633 1245 727; baseline 0.003 -33"><span class='ocrx_word' id='word_1_31' title='bbox 93 633 192 700; x_wconf 89' lang='lat' dir='ltr'>modo</span> <span class='ocrx_word' id='word_1_32' title='bbox 208 640 406 718; x_wconf 81' lang='lat' dir='ltr'><strong>committat,</strong></span> <span class='ocrx_word' id='word_1_33' title='bbox 428 649 486 702; x_wconf 89' lang='lat' dir='ltr'><strong>aut</strong></span> <span class='ocrx_word' id='word_1_34' title='bbox 501 639 658 704; x_wconf 80' lang='lat' dir='ltr'><strong>incertam</strong></span> <span class='ocrx_word' id='word_1_35' title='bbox 674 661 848 725; x_wconf 87' lang='lat' dir='ltr'><strong>personam</strong></span> <span class='ocrx_word' id='word_1_36' title='bbox 864 647 921 704; x_wconf 89' lang='lat' dir='ltr'><strong>aut</strong></span> <span class='ocrx_word' id='word_1_37' title='bbox 935 661 996 727; x_wconf 91' lang='lat' dir='ltr'><strong>pro</strong></span> <span class='ocrx_word' id='word_1_38' title='bbox 1011 639 1134 704; x_wconf 89' lang='lat' dir='ltr'><strong>incerto</strong></span> <span class='ocrx_word' id='word_1_39' title='bbox 1147 636 1245 700; x_wconf 90' lang='lat' dir='ltr'><strong>comi-</strong></span> 
     </span>
     <span class='ocr_line' id='line_1_6' title="bbox 93 722 1245 812; baseline 0.003 -30"><span class='ocrx_word' id='word_1_40' title='bbox 93 725 167 786; x_wconf 90' lang='lat' dir='ltr'><strong>tatu</strong></span> <span class='ocrx_word' id='word_1_41' title='bbox 184 723 242 788; x_wconf 90' lang='lat' dir='ltr'><strong>vel</strong></span> <span class='ocrx_word' id='word_1_42' title='bbox 262 723 406 803; x_wconf 87' lang='lat' dir='ltr'><strong>dioecesi,</strong></span> <span class='ocrx_word' id='word_1_43' title='bbox 434 725 496 790; x_wconf 93' lang='lat' dir='ltr'><strong>sub</strong></span> <span class='ocrx_word' id='word_1_44' title='bbox 518 724 733 812; x_wconf 88' lang='lat' dir='ltr'><strong>disjunctione</strong></span> <span class='ocrx_word' id='word_1_45' title='bbox 748 724 800 790; x_wconf 91' lang='lat' dir='ltr'><strong>vel</strong></span> <span class='ocrx_word' id='word_1_46' title='bbox 815 724 998 791; x_wconf 89' lang='lat' dir='ltr'><strong>conditione</strong></span> <span class='ocrx_word' id='word_1_47' title='bbox 1020 722 1245 810; x_wconf 80' lang='lat' dir='ltr'><strong>quovismodo,</strong></span> 
     </span>
     <span class='ocr_line' id='line_1_7' title="bbox 92 808 1247 898; baseline 0 -29"><span class='ocrx_word' id='word_1_48' title='bbox 92 809 243 874; x_wconf 88' lang='lat' dir='ltr'><strong>nominet</strong></span> <span class='ocrx_word' id='word_1_49' title='bbox 259 822 315 875; x_wconf 90' lang='lat' dir='ltr'><strong>aut</strong></span> <span class='ocrx_word' id='word_1_50' title='bbox 329 811 439 898; x_wconf 84' lang='lat' dir='ltr'><strong>eligat</strong></span> <span class='ocrx_word' id='word_1_51' title='bbox 484 810 607 876; x_wconf 82' lang='lat' dir='ltr'><strong>Contra</strong></span> <span class='ocrx_word' id='word_1_52' title='bbox 618 811 738 876; x_wconf 86' lang='lat' dir='ltr'><strong>faciens</strong></span> <span class='ocrx_word' id='word_1_53' title='bbox 760 824 793 876; x_wconf 90' lang='lat' dir='ltr'><strong>et</strong></span> <span class='ocrx_word' id='word_1_54' title='bbox 814 811 1008 898; x_wconf 85' lang='lat' dir='ltr'><strong>suffragium</strong></span> <span class='ocrx_word' id='word_1_55' title='bbox 1022 833 1118 876; x_wconf 89' lang='lat' dir='ltr'><strong>suum</strong></span> <span class='ocrx_word' id='word_1_56' title='bbox 1130 808 1247 896; x_wconf 88' lang='lat' dir='ltr'><strong>hujus-</strong></span> 
     </span>
     <span class='ocr_line' id='line_1_8' title="bbox 92 893 1245 984; baseline 0.001 -28"><span class='ocrx_word' id='word_1_57' title='bbox 92 893 183 958; x_wconf 86' lang='lat' dir='ltr'><strong>modi</strong></span> <span class='ocrx_word' id='word_1_58' title='bbox 205 907 241 960; x_wconf 87' lang='lat' dir='ltr'><strong>et</strong></span> <span class='ocrx_word' id='word_1_59' title='bbox 267 899 369 962; x_wconf 88' lang='lat' dir='ltr'><strong>etiarn</strong></span> <span class='ocrx_word' id='word_1_60' title='bbox 388 897 489 963; x_wconf 85' lang='lat' dir='ltr'><strong>nostri</strong></span> <span class='ocrx_word' id='word_1_61' title='bbox 509 896 648 984; x_wconf 86' lang='lat' dir='ltr'><strong>Collegii</strong></span> <span class='ocrx_word' id='word_1_62' title='bbox 672 898 864 964; x_wconf 79' lang='lat' dir='ltr'><strong>Societatem</strong></span> <span class='ocrx_word' id='word_1_63' title='bbox 885 897 959 984; x_wconf 90' lang='lat' dir='ltr'><strong>ipso</strong></span> <span class='ocrx_word' id='word_1_64' title='bbox 976 897 1061 962; x_wconf 86' lang='lat' dir='ltr'><strong>laeto</strong></span> <span class='ocrx_word' id='word_1_65' title='bbox 1081 908 1196 962; x_wconf 84' lang='lat' dir='ltr'><strong>extunc</strong></span> <span class='ocrx_word' id='word_1_66' title='bbox 1211 895 1245 957; x_wconf 90' lang='lat' dir='ltr'><strong>in</strong></span> 
     </span>
     <span class='ocr_line' id='line_1_9' title="bbox 91 982 1245 1071; baseline -0.001 -26"><span class='ocrx_word' id='word_1_67' title='bbox 91 999 134 1063; x_wconf 87' lang='lat' dir='ltr'><strong>pe</strong></span> <span class='ocrx_word' id='word_1_68' title='bbox 178 989 300 1048; x_wconf 88' lang='lat' dir='ltr'><strong>ctuum</strong></span> <span class='ocrx_word' id='word_1_69' title='bbox 321 982 457 1048; x_wconf 87' lang='lat' dir='ltr'><strong>amittat.</strong></span> <span class='ocrx_word' id='word_1_70' title='bbox 502 982 573 1048; x_wconf 89' lang='lat' dir='ltr'><strong>Nec</strong></span> <span class='ocrx_word' id='word_1_71' title='bbox 589 983 708 1062; x_wconf 82' lang='lat' dir='ltr'><strong>licebit,</strong></span> <span class='ocrx_word' id='word_1_72' title='bbox 731 984 793 1048; x_wconf 91' lang='lat' dir='ltr'><strong>sub</strong></span> <span class='ocrx_word' id='word_1_73' title='bbox 811 1005 910 1069; x_wconf 80' lang='lat' dir='ltr'><strong>poena</strong></span> <span class='ocrx_word' id='word_1_74' title='bbox 932 982 1079 1071; x_wconf 88' lang='lat' dir='ltr'><strong>perjurii,</strong></span> <span class='ocrx_word' id='word_1_75' title='bbox 1094 982 1245 1064; x_wconf 88' lang='lat' dir='ltr'><strong>cuiquam</strong></span> 
     </span>
     <span class='ocr_line' id='line_1_10' title="bbox 92 1067 1247 1153; baseline 0.003 -26"><span class='ocrx_word' id='word_1_76' title='bbox 92 1085 132 1128; x_wconf 83' lang='lat' dir='ltr'><strong>ex</strong></span> <span class='ocrx_word' id='word_1_77' title='bbox 146 1068 159 1129; x_wconf 92' lang='lat' dir='ltr'><strong>i</strong></span> <span class='ocrx_word' id='word_1_78' title='bbox 175 1068 220 1132; x_wconf 88' lang='lat' dir='ltr'><strong>lis</strong></span> <span class='ocrx_word' id='word_1_79' title='bbox 235 1069 471 1136; x_wconf 80' lang='lat' dir='ltr'><strong>scrutatoribus</strong></span> <span class='ocrx_word' id='word_1_80' title='bbox 494 1070 625 1135; x_wconf 89' lang='lat' dir='ltr'><strong>nomina</strong></span> <span class='ocrx_word' id='word_1_81' title='bbox 648 1070 786 1135; x_wconf 93' lang='lat' dir='ltr'><strong>aliorum</strong></span> <span class='ocrx_word' id='word_1_82' title='bbox 808 1070 1019 1134; x_wconf 87' lang='lat' dir='ltr'><strong>scribentium</strong></span> <span class='ocrx_word' id='word_1_83' title='bbox 1033 1068 1092 1132; x_wconf 92' lang='lat' dir='ltr'><strong>alii</strong></span> <span class='ocrx_word' id='word_1_84' title='bbox 1106 1067 1247 1153; x_wconf 90' lang='lat' dir='ltr'><strong>cuipiam</strong></span> 
     </span>
     <span class='ocr_line' id='line_1_11' title="bbox 91 1153 1246 1244; baseline 0.003 -30"><span class='ocrx_word' id='word_1_85' title='bbox 91 1154 310 1233; x_wconf 89' lang='lat' dir='ltr'><strong>quovismodo</strong></span> <span class='ocrx_word' id='word_1_86' title='bbox 332 1178 394 1241; x_wconf 92' lang='lat' dir='ltr'><strong>per</strong></span> <span class='ocrx_word' id='word_1_87' title='bbox 420 1177 467 1236; x_wconf 88' lang='lat' dir='ltr'><strong>se,</strong></span> <span class='ocrx_word' id='word_1_88' title='bbox 496 1155 548 1220; x_wconf 91' lang='lat' dir='ltr'><strong>vel</strong></span> <span class='ocrx_word' id='word_1_89' title='bbox 570 1156 794 1244; x_wconf 88' lang='lat' dir='ltr'><strong>interpositam</strong></span> <span class='ocrx_word' id='word_1_90' title='bbox 816 1177 999 1242; x_wconf 85' lang='lat' dir='ltr'><strong>personam,</strong></span> <span class='ocrx_word' id='word_1_91' title='bbox 1024 1161 1120 1222; x_wconf 90' lang='lat' dir='ltr'><strong>nutu,</strong></span> <span class='ocrx_word' id='word_1_92' title='bbox 1137 1153 1246 1224; x_wconf 91' lang='lat' dir='ltr'><strong>verbo,</strong></span> 
     </span>
     <span class='ocr_line' id='line_1_12' title="bbox 93 1237 1248 1329; baseline 0.002 -29"><span class='ocrx_word' id='word_1_93' title='bbox 93 1239 194 1324; x_wconf 84' lang='lat' dir='ltr'><strong>signo</strong></span> <span class='ocrx_word' id='word_1_94' title='bbox 221 1243 272 1305; x_wconf 90' lang='lat' dir='ltr'><strong>vel</strong></span> <span class='ocrx_word' id='word_1_95' title='bbox 288 1243 419 1328; x_wconf 90' lang='lat' dir='ltr'><strong>scripto,</strong></span> <span class='ocrx_word' id='word_1_96' title='bbox 444 1254 519 1307; x_wconf 90' lang='lat' dir='ltr'><strong>ante</strong></span> <span class='ocrx_word' id='word_1_97' title='bbox 540 1244 734 1329; x_wconf 87' lang='lat' dir='ltr'><strong>completam</strong></span> <span class='ocrx_word' id='word_1_98' title='bbox 757 1255 789 1306; x_wconf 91' lang='lat' dir='ltr'><strong>et</strong></span> <span class='ocrx_word' id='word_1_99' title='bbox 812 1242 1011 1328; x_wconf 87' lang='lat' dir='ltr'><strong>publicatam</strong></span> <span class='ocrx_word' id='word_1_100' title='bbox 1033 1237 1248 1305; x_wconf 80' lang='lat' dir='ltr'><strong>Praesidentis</strong></span> 
     </span>
     <span class='ocr_line' id='line_1_13' title="bbox 92 1322 1248 1415; baseline -0.003 -21"><span class='ocrx_word' id='word_1_101' title='bbox 92 1322 303 1400; x_wconf 71' lang='lat' dir='ltr'><strong>electionem,</strong></span> <span class='ocrx_word' id='word_1_102' title='bbox 315 1327 504 1392; x_wconf 88' lang='lat' dir='ltr'><strong>ostendere:</strong></span> <span class='ocrx_word' id='word_1_103' title='bbox 521 1326 591 1406; x_wconf 90' lang='lat' dir='ltr'><strong>sed,</strong></span> <span class='ocrx_word' id='word_1_104' title='bbox 607 1328 767 1415; x_wconf 89' lang='lat' dir='ltr'><strong>completo</strong></span> <span class='ocrx_word' id='word_1_105' title='bbox 781 1328 945 1402; x_wconf 88' lang='lat' dir='ltr'><strong>scrutinio,</strong></span> <span class='ocrx_word' id='word_1_106' title='bbox 955 1327 1089 1392; x_wconf 90' lang='lat' dir='ltr'><strong>nomina</strong></span> <span class='ocrx_word' id='word_1_107' title='bbox 1102 1325 1248 1391; x_wconf 90' lang='lat' dir='ltr'><strong>omnium</strong></span> 
     </span>
     <span class='ocr_line' id='line_1_14' title="bbox 91 1411 1247 1500; baseline -0.001 -26"><span class='ocrx_word' id='word_1_108' title='bbox 91 1412 149 1492; x_wconf 91' lang='lat' dir='ltr'><strong>qui</strong></span> <span class='ocrx_word' id='word_1_109' title='bbox 174 1423 259 1477; x_wconf 86' lang='lat' dir='ltr'><strong>tunc</strong></span> <span class='ocrx_word' id='word_1_110' title='bbox 280 1415 517 1480; x_wconf 90' lang='lat' dir='ltr'><strong>nominaverint</strong></span> <span class='ocrx_word' id='word_1_111' title='bbox 538 1437 597 1480; x_wconf 91' lang='lat' dir='ltr'><strong>seu</strong></span> <span class='ocrx_word' id='word_1_112' title='bbox 621 1414 782 1500; x_wconf 86' lang='lat' dir='ltr'><strong>elegerint</strong></span> <span class='ocrx_word' id='word_1_113' title='bbox 801 1412 938 1478; x_wconf 87' lang='lat' dir='ltr'><strong>fideliter</strong></span> <span class='ocrx_word' id='word_1_114' title='bbox 961 1415 1044 1479; x_wconf 90' lang='lat' dir='ltr'><strong>inter</strong></span> <span class='ocrx_word' id='word_1_115' title='bbox 1058 1435 1094 1478; x_wconf 91' lang='lat' dir='ltr'><strong>se</strong></span> <span class='ocrx_word' id='word_1_116' title='bbox 1109 1411 1247 1477; x_wconf 89' lang='lat' dir='ltr'><strong>calcula·</strong></span> 
     </span>
     <span class='ocr_line' id='line_1_15' title="bbox 93 1497 1248 1587; baseline 0.003 -28"><span class='ocrx_word' id='word_1_117' title='bbox 93 1497 180 1562; x_wconf 90' lang='lat' dir='ltr'><strong>bunt</strong></span> <span class='ocrx_word' id='word_1_118' title='bbox 195 1511 230 1563; x_wconf 88' lang='lat' dir='ltr'><strong>et</strong></span> <span class='ocrx_word' id='word_1_119' title='bbox 246 1501 460 1565; x_wconf 90' lang='lat' dir='ltr'><strong>nominabunt</strong></span> <span class='ocrx_word' id='word_1_120' title='bbox 474 1513 662 1566; x_wconf 89' lang='lat' dir='ltr'><strong>scrutatores</strong></span> <span class='ocrx_word' id='word_1_121' title='bbox 672 1500 829 1587; x_wconf 82' lang='lat' dir='ltr'><strong>praedicti.</strong></span> <span class='ocrx_word' id='word_1_122' title='bbox 874 1499 947 1574; x_wconf 89' lang='lat' dir='ltr'><strong>Quo</strong></span> <span class='ocrx_word' id='word_1_123' title='bbox 957 1498 1087 1584; x_wconf 89' lang='lat' dir='ltr'><strong>quidem</strong></span> <span class='ocrx_word' id='word_1_124' title='bbox 1095 1498 1248 1563; x_wconf 88' lang='lat' dir='ltr'><strong>scrutinio</strong></span> 
     </span>
     <span class='ocr_line' id='line_1_16' title="bbox 92 1584 1248 1674; baseline 0.001 -28"><span class='ocrx_word' id='word_1_125' title='bbox 92 1584 266 1658; x_wconf 72' lang='lat' dir='ltr'><strong>calculata</strong></span> <span class='ocrx_word' id='word_1_126' title='bbox 278 1585 336 1651; x_wconf 89' lang='lat' dir='ltr'><strong>illa</strong></span> <span class='ocrx_word' id='word_1_127' title='bbox 349 1608 491 1674; x_wconf 89' lang='lat' dir='ltr'><strong>persona</strong></span> <span class='ocrx_word' id='word_1_128' title='bbox 500 1608 560 1674; x_wconf 94' lang='lat' dir='ltr'><strong>pro</strong></span> <span class='ocrx_word' id='word_1_129' title='bbox 575 1588 677 1652; x_wconf 90' lang='lat' dir='ltr'><strong>electa</strong></span> <span class='ocrx_word' id='word_1_130' title='bbox 691 1586 860 1664; x_wconf 91' lang='lat' dir='ltr'><strong>habeatur,</strong></span> <span class='ocrx_word' id='word_1_131' title='bbox 877 1587 997 1669; x_wconf 90' lang='lat' dir='ltr'><strong>absque</strong></span> <span class='ocrx_word' id='word_1_132' title='bbox 1011 1585 1163 1660; x_wconf 89' lang='lat' dir='ltr'><strong>tumultu,</strong></span> <span class='ocrx_word' id='word_1_133' title='bbox 1174 1605 1248 1648; x_wconf 92' lang='lat' dir='ltr'><strong>con·</strong></span> 
     </span>
     <span class='ocr_line' id='line_1_17' title="bbox 93 1669 1249 1760; baseline 0.003 -27"><span class='ocrx_word' id='word_1_134' title='bbox 93 1669 300 1747; x_wconf 90' lang='lat' dir='ltr'><strong>tradictione,</strong></span> <span class='ocrx_word' id='word_1_135' title='bbox 322 1672 465 1757; x_wconf 89' lang='lat' dir='ltr'><strong>querela,</strong></span> <span class='ocrx_word' id='word_1_136' title='bbox 484 1671 711 1760; x_wconf 86' lang='lat' dir='ltr'><strong>appellatione,</strong></span> <span class='ocrx_word' id='word_1_137' title='bbox 726 1671 971 1759; x_wconf 86' lang='lat' dir='ltr'><strong>supplicatione,</strong></span> <span class='ocrx_word' id='word_1_138' title='bbox 987 1693 1046 1738; x_wconf 89' lang='lat' dir='ltr'><strong>seu</strong></span> <span class='ocrx_word' id='word_1_139' title='bbox 1059 1691 1249 1754; x_wconf 89' lang='lat' dir='ltr'><strong>quocunque</strong></span> 
     </span>
     <span class='ocr_line' id='line_1_18' title="bbox 93 1755 1249 1846; baseline 0.002 -28"><span class='ocrx_word' id='word_1_140' title='bbox 93 1755 140 1820; x_wconf 89' lang='lat' dir='ltr'><strong>im</strong></span> <span class='ocrx_word' id='word_1_141' title='bbox 165 1757 334 1823; x_wconf 89' lang='lat' dir='ltr'><strong>edimento</strong></span> <span class='ocrx_word' id='word_1_142' title='bbox 345 1760 429 1846; x_wconf 89' lang='lat' dir='ltr'><strong>juris</strong></span> <span class='ocrx_word' id='word_1_143' title='bbox 443 1758 496 1823; x_wconf 88' lang='lat' dir='ltr'><strong>vel</strong></span> <span class='ocrx_word' id='word_1_144' title='bbox 509 1759 595 1831; x_wconf 84' lang='lat' dir='ltr'><strong>facti,</strong></span> <span class='ocrx_word' id='word_1_145' title='bbox 609 1759 644 1822; x_wconf 90' lang='lat' dir='ltr'><strong>in</strong></span> <span class='ocrx_word' id='word_1_146' title='bbox 659 1780 758 1841; x_wconf 90' lang='lat' dir='ltr'><strong>quam</strong></span> <span class='ocrx_word' id='word_1_147' title='bbox 773 1779 832 1844; x_wconf 89' lang='lat' dir='ltr'><strong>per</strong></span> <span class='ocrx_word' id='word_1_148' title='bbox 848 1756 950 1823; x_wconf 86' lang='lat' dir='ltr'><strong>dictos</strong></span> <span class='ocrx_word' id='word_1_149' title='bbox 964 1771 1089 1845; x_wconf 88' lang='lat' dir='ltr'><strong>septem</strong></span> <span class='ocrx_word' id='word_1_150' title='bbox 1104 1757 1249 1822; x_wconf 89' lang='lat' dir='ltr'><strong>seniores</strong></span> 
     </span>
     <span class='ocr_line' id='line_1_19' title="bbox 94 1779 1248 1994; baseline 0 -89"><span class='ocrx_word' id='word_1_151' title='bbox 94 1779 229 1930; x_wconf 55' lang='lat' dir='ltr'><strong>velper</strong></span> <span class='ocrx_word' id='word_1_152' title='bbox 249 1851 406 1994; x_wconf 66' lang='lat' dir='ltr'><strong>mqp‘orem</strong></span> <span class='ocrx_word' id='word_1_153' title='bbox 417 1858 544 1932; x_wconf 86' lang='lat' dir='ltr'><strong>partem</strong></span> <span class='ocrx_word' id='word_1_154' title='bbox 559 1844 739 1909; x_wconf 90' lang='lat' dir='ltr'><strong>eorundem</strong></span> <span class='ocrx_word' id='word_1_155' title='bbox 752 1866 946 1909; x_wconf 89' lang='lat' dir='ltr'><strong>consensum</strong></span> <span class='ocrx_word' id='word_1_156' title='bbox 961 1845 1074 1909; x_wconf 82' lang='lat' dir='ltr'><strong>fucrit:</strong></span> <span class='ocrx_word' id='word_1_157' title='bbox 1089 1856 1123 1906; x_wconf 88' lang='lat' dir='ltr'><strong>et</strong></span> <span class='ocrx_word' id='word_1_158' title='bbox 1137 1843 1248 1908; x_wconf 88' lang='lat' dir='ltr'><strong>statim</strong></span> 
     </span>
     <span class='ocr_line' id='line_1_20' title="bbox 94 1928 1249 2017; baseline 0.003 -28"><span class='ocrx_word' id='word_1_159' title='bbox 94 1930 167 1994; x_wconf 87' lang='lat' dir='ltr'><strong>sine</strong></span> <span class='ocrx_word' id='word_1_160' title='bbox 196 1930 265 1994; x_wconf 91' lang='lat' dir='ltr'><strong>ulla</strong></span> <span class='ocrx_word' id='word_1_161' title='bbox 313 1931 444 1996; x_wconf 87' lang='lat' dir='ltr'><strong>ilatione</strong></span> <span class='ocrx_word' id='word_1_162' title='bbox 469 1953 530 2017; x_wconf 92' lang='lat' dir='ltr'><strong>pro</strong></span> <span class='ocrx_word' id='word_1_163' title='bbox 556 1929 758 1994; x_wconf 84' lang='lat' dir='ltr'><strong>Praesidente</strong></span> <span class='ocrx_word' id='word_1_164' title='bbox 784 1931 886 1994; x_wconf 89' lang='lat' dir='ltr'><strong>nostri</strong></span> <span class='ocrx_word' id='word_1_165' title='bbox 910 1928 1053 2015; x_wconf 82' lang='lat' dir='ltr'><strong>Collegii</strong></span> <span class='ocrx_word' id='word_1_166' title='bbox 1076 1951 1096 1993; x_wconf 99' lang='lat' dir='ltr'><strong>a</strong></span> <span class='ocrx_word' id='word_1_167' title='bbox 1121 1928 1249 1993; x_wconf 90' lang='lat' dir='ltr'><strong>seniore</strong></span> 
     </span>
     <span class='ocr_line' id='line_1_21' title="bbox 95 2013 1249 2102; baseline -0.001 -25"><span class='ocrx_word' id='word_1_168' title='bbox 95 2028 281 2082; x_wconf 87' lang='lat' dir='ltr'><strong>scrutatore</strong></span> <span class='ocrx_word' id='word_1_169' title='bbox 310 2019 544 2102; x_wconf 90' lang='lat' dir='ltr'><strong>pronuntietur.</strong></span> <span class='ocrx_word' id='word_1_170' title='bbox 599 2017 633 2078; x_wconf 92' lang='lat' dir='ltr'><strong>Si</strong></span> <span class='ocrx_word' id='word_1_171' title='bbox 662 2038 739 2080; x_wconf 91' lang='lat' dir='ltr'><strong>vero</strong></span> <span class='ocrx_word' id='word_1_172' title='bbox 767 2016 802 2079; x_wconf 94' lang='lat' dir='ltr'><strong>in</strong></span> <span class='ocrx_word' id='word_1_173' title='bbox 838 2015 926 2079; x_wconf 90' lang='lat' dir='ltr'><strong>dicto</strong></span> <span class='ocrx_word' id='word_1_174' title='bbox 954 2015 1107 2078; x_wconf 88' lang='lat' dir='ltr'><strong>scrutinio</strong></span> <span class='ocrx_word' id='word_1_175' title='bbox 1137 2013 1249 2078; x_wconf 88' lang='lat' dir='ltr'><strong>nullus</strong></span> 
     </span>
     <span class='ocr_line' id='line_1_22' title="bbox 95 2098 1250 2191; baseline -0.001 -28"><span class='ocrx_word' id='word_1_176' title='bbox 95 2099 254 2167; x_wconf 87' lang='lat' dir='ltr'><strong>habuerit</strong></span> <span class='ocrx_word' id='word_1_177' title='bbox 267 2109 424 2190; x_wconf 89' lang='lat' dir='ltr'><strong>majorem</strong></span> <span class='ocrx_word' id='word_1_178' title='bbox 438 2115 565 2191; x_wconf 86' lang='lat' dir='ltr'><strong>partem</strong></span> <span class='ocrx_word' id='word_1_179' title='bbox 579 2102 819 2188; x_wconf 84' lang='lat' dir='ltr'><strong>suffragiorum,</strong></span> <span class='ocrx_word' id='word_1_180' title='bbox 833 2100 895 2165; x_wconf 89' lang='lat' dir='ltr'><strong>boc</strong></span> <span class='ocrx_word' id='word_1_181' title='bbox 909 2110 967 2172; x_wconf 90' lang='lat' dir='ltr'><strong>est,</strong></span> <span class='ocrx_word' id='word_1_182' title='bbox 983 2112 1120 2182; x_wconf 90' lang='lat' dir='ltr'><strong>quatuor</strong></span> <span class='ocrx_word' id='word_1_183' title='bbox 1136 2098 1250 2162; x_wconf 84' lang='lat' dir='ltr'><strong>suffra·</strong></span> 
     </span>
     <span class='ocr_line' id='line_1_23' title="bbox 97 2184 1251 2273; baseline -0.003 -22"><span class='ocrx_word' id='word_1_184' title='bbox 97 2187 165 2272; x_wconf 86' lang='lat' dir='ltr'><strong>gia,</strong></span> <span class='ocrx_word' id='word_1_185' title='bbox 183 2202 270 2266; x_wconf 90' lang='lat' dir='ltr'><strong>tunc,</strong></span> <span class='ocrx_word' id='word_1_186' title='bbox 284 2190 407 2273; x_wconf 90' lang='lat' dir='ltr'><strong>absque</strong></span> <span class='ocrx_word' id='word_1_187' title='bbox 417 2193 557 2255; x_wconf 88' lang='lat' dir='ltr'><strong>tumultu</strong></span> <span class='ocrx_word' id='word_1_188' title='bbox 572 2202 602 2252; x_wconf 84' lang='lat' dir='ltr'><strong>et</strong></span> <span class='ocrx_word' id='word_1_189' title='bbox 616 2186 882 2265; x_wconf 87' lang='lat' dir='ltr'><strong>contradictione,</strong></span> <span class='ocrx_word' id='word_1_190' title='bbox 892 2187 1010 2250; x_wconf 84' lang='lat' dir='ltr'><strong>iterum</strong></span> <span class='ocrx_word' id='word_1_191' title='bbox 1021 2184 1186 2249; x_wconf 89' lang='lat' dir='ltr'><strong>consimile</strong></span> <span class='ocrx_word' id='word_1_192' title='bbox 1195 2184 1251 2248; x_wconf 89' lang='lat' dir='ltr'><strong>fiat</strong></span> 
     </span>
     <span class='ocr_line' id='line_1_24' title="bbox 97 2269 1250 2362; baseline -0.001 -25"><span class='ocrx_word' id='word_1_193' title='bbox 97 2277 312 2353; x_wconf 90' lang='lat' dir='ltr'><strong>scrutinium;</strong></span> <span class='ocrx_word' id='word_1_194' title='bbox 337 2277 434 2341; x_wconf 88' lang='lat' dir='ltr'><strong>etsie</strong></span> <span class='ocrx_word' id='word_1_195' title='bbox 459 2274 616 2362; x_wconf 90' lang='lat' dir='ltr'><strong>deinceps</strong></span> <span class='ocrx_word' id='word_1_196' title='bbox 634 2274 693 2339; x_wconf 92' lang='lat' dir='ltr'><strong>illo</strong></span> <span class='ocrx_word' id='word_1_197' title='bbox 717 2274 771 2338; x_wconf 92' lang='lat' dir='ltr'><strong>die</strong></span> <span class='ocrx_word' id='word_1_198' title='bbox 793 2270 1068 2361; x_wconf 83' lang='lat' dir='ltr'><strong>postmeridicm,</strong></span> <span class='ocrx_word' id='word_1_199' title='bbox 1091 2269 1194 2336; x_wconf 92' lang='lat' dir='ltr'><strong>donec</strong></span> <span class='ocrx_word' id='word_1_200' title='bbox 1214 2270 1250 2336; x_wconf 91' lang='lat' dir='ltr'><strong>in</strong></span> 
     </span>
     <span class='ocr_line' id='line_1_25' title="bbox 98 2359 1250 2448; baseline -0.002 -24"><span class='ocrx_word' id='word_1_201' title='bbox 98 2362 245 2446; x_wconf 91' lang='lat' dir='ltr'><strong>aliquam</strong></span> <span class='ocrx_word' id='word_1_202' title='bbox 260 2383 361 2427; x_wconf 87' lang='lat' dir='ltr'><strong>unam</strong></span> <span class='ocrx_word' id='word_1_203' title='bbox 374 2384 546 2448; x_wconf 88' lang='lat' dir='ltr'><strong>personam</strong></span> <span class='ocrx_word' id='word_1_204' title='bbox 559 2384 621 2448; x_wconf 93' lang='lat' dir='ltr'><strong>per</strong></span> <span class='ocrx_word' id='word_1_205' title='bbox 635 2367 792 2447; x_wconf 89' lang='lat' dir='ltr'><strong>majorem</strong></span> <span class='ocrx_word' id='word_1_206' title='bbox 803 2359 1032 2447; x_wconf 86' lang='lat' dir='ltr'><strong>partemfuerit</strong></span> <span class='ocrx_word' id='word_1_207' title='bbox 1047 2380 1250 2424; x_wconf 89' lang='lat' dir='ltr'><strong>consensum.</strong></span> 
     </span>
     <span class='ocr_line' id='line_1_26' title="bbox 99 2445 1250 2535; baseline -0.002 -24"><span class='ocrx_word' id='word_1_208' title='bbox 99 2446 199 2521; x_wconf 84' lang='lat' dir='ltr'><strong>Quod</strong></span> <span class='ocrx_word' id='word_1_209' title='bbox 213 2450 244 2513; x_wconf 90' lang='lat' dir='ltr'><strong>si</strong></span> <span class='ocrx_word' id='word_1_210' title='bbox 259 2449 294 2512; x_wconf 91' lang='lat' dir='ltr'><strong>in</strong></span> <span class='ocrx_word' id='word_1_211' title='bbox 308 2449 448 2514; x_wconf 88' lang='lat' dir='ltr'><strong>crastino</strong></span> <span class='ocrx_word' id='word_1_212' title='bbox 462 2461 536 2535; x_wconf 91' lang='lat' dir='ltr'><strong>post</strong></span> <span class='ocrx_word' id='word_1_213' title='bbox 550 2446 735 2513; x_wconf 90' lang='lat' dir='ltr'><strong>inchoatam</strong></span> <span class='ocrx_word' id='word_1_214' title='bbox 757 2446 1013 2511; x_wconf 81' lang='lat' dir='ltr'><strong>nominationem</strong></span> <span class='ocrx_word' id='word_1_215' title='bbox 1033 2446 1100 2510; x_wconf 91' lang='lat' dir='ltr'><strong>sive</strong></span> <span class='ocrx_word' id='word_1_216' title='bbox 1118 2445 1250 2511; x_wconf 89' lang='lat' dir='ltr'><strong>electio·</strong></span> 
     </span>
     <span class='ocr_line' id='line_1_27' title="bbox 99 2531 1249 2620; baseline -0.003 -22"><span class='ocrx_word' id='word_1_217' title='bbox 99 2554 181 2599; x_wconf 87' lang='lat' dir='ltr'><strong>uem</strong></span> <span class='ocrx_word' id='word_1_218' title='bbox 209 2546 286 2599; x_wconf 89' lang='lat' dir='ltr'><strong>autc</strong></span> <span class='ocrx_word' id='word_1_219' title='bbox 309 2533 480 2600; x_wconf 91' lang='lat' dir='ltr'><strong>meridiem</strong></span> <span class='ocrx_word' id='word_1_220' title='bbox 502 2533 600 2601; x_wconf 92' lang='lat' dir='ltr'><strong>modo</strong></span> <span class='ocrx_word' id='word_1_221' title='bbox 619 2534 778 2620; x_wconf 78' lang='lat' dir='ltr'><strong>praedicto</strong></span> <span class='ocrx_word' id='word_1_222' title='bbox 800 2531 1028 2598; x_wconf 90' lang='lat' dir='ltr'><strong>concordatum</strong></span> <span class='ocrx_word' id='word_1_223' title='bbox 1051 2554 1117 2596; x_wconf 88' lang='lat' dir='ltr'><strong>nou</strong></span> <span class='ocrx_word' id='word_1_224' title='bbox 1141 2531 1249 2611; x_wconf 80' lang='lat' dir='ltr'><strong>fuerit,</strong></span> 
     </span>
     <span class='ocr_line' id='line_1_28' title="bbox 99 2617 1252 2707; baseline -0.003 -24"><span class='ocrx_word' id='word_1_225' title='bbox 99 2627 182 2685; x_wconf 89' lang='lat' dir='ltr'><strong>tunc</strong></span> <span class='ocrx_word' id='word_1_226' title='bbox 196 2621 253 2685; x_wconf 93' lang='lat' dir='ltr'><strong>ille</strong></span> <span class='ocrx_word' id='word_1_227' title='bbox 268 2641 328 2707; x_wconf 94' lang='lat' dir='ltr'><strong>pro</strong></span> <span class='ocrx_word' id='word_1_228' title='bbox 342 2621 510 2686; x_wconf 88' lang='lat' dir='ltr'><strong>nominato</strong></span> <span class='ocrx_word' id='word_1_229' title='bbox 525 2620 696 2699; x_wconf 90' lang='lat' dir='ltr'><strong>habeatur,</strong></span> <span class='ocrx_word' id='word_1_230' title='bbox 716 2620 783 2704; x_wconf 90' lang='lat' dir='ltr'><strong>qui,</strong></span> <span class='ocrx_word' id='word_1_231' title='bbox 807 2619 842 2683; x_wconf 92' lang='lat' dir='ltr'><strong>in</strong></span> <span class='ocrx_word' id='word_1_232' title='bbox 865 2618 981 2684; x_wconf 90' lang='lat' dir='ltr'><strong>ultimo</strong></span> <span class='ocrx_word' id='word_1_233' title='bbox 997 2618 1149 2682; x_wconf 89' lang='lat' dir='ltr'><strong>scrutinio</strong></span> <span class='ocrx_word' id='word_1_234' title='bbox 1168 2617 1252 2681; x_wconf 85' lang='lat' dir='ltr'><strong>inter</strong></span> 
     </span>
     <span class='ocr_line' id='line_1_29' title="bbox 99 2704 1252 2793; baseline -0.002 -22"><span class='ocrx_word' id='word_1_235' title='bbox 99 2704 207 2771; x_wconf 90' lang='lat' dir='ltr'><strong>dictos</strong></span> <span class='ocrx_word' id='word_1_236' title='bbox 230 2719 427 2773; x_wconf 87' lang='lat' dir='ltr'><strong>scrutatores</strong></span> <span class='ocrx_word' id='word_1_237' title='bbox 448 2705 689 2781; x_wconf 87' lang='lat' dir='ltr'><strong>communicato,</strong></span> <span class='ocrx_word' id='word_1_238' title='bbox 717 2706 829 2793; x_wconf 92' lang='lat' dir='ltr'><strong>plures</strong></span> <span class='ocrx_word' id='word_1_239' title='bbox 853 2706 980 2770; x_wconf 85' lang='lat' dir='ltr'><strong>eaeteris</strong></span> <span class='ocrx_word' id='word_1_240' title='bbox 1006 2704 1252 2789; x_wconf 89' lang='lat' dir='ltr'><strong>quibuscunque</strong></span> 
     </span>
     <span class='ocr_line' id='line_1_30' title="bbox 100 2790 1251 2879; baseline -0.003 -22"><span class='ocrx_word' id='word_1_241' title='bbox 100 2794 281 2857; x_wconf 89' lang='lat' dir='ltr'><strong>nominatis</strong></span> <span class='ocrx_word' id='word_1_242' title='bbox 295 2815 390 2858; x_wconf 89' lang='lat' dir='ltr'><strong>voces</strong></span> <span class='ocrx_word' id='word_1_243' title='bbox 412 2794 585 2865; x_wconf 91' lang='lat' dir='ltr'><strong>seniorum,</strong></span> <span class='ocrx_word' id='word_1_244' title='bbox 610 2805 649 2857; x_wconf 92' lang='lat' dir='ltr'><strong>ut</strong></span> <span class='ocrx_word' id='word_1_245' title='bbox 668 2793 885 2879; x_wconf 84' lang='lat' dir='ltr'><strong>praemittitur,</strong></span> <span class='ocrx_word' id='word_1_246' title='bbox 907 2792 1031 2857; x_wconf 87' lang='lat' dir='ltr'><strong>conseri</strong></span> <span class='ocrx_word' id='word_1_247' title='bbox 1056 2800 1108 2855; x_wconf 91' lang='lat' dir='ltr'><strong>tas</strong></span> <span class='ocrx_word' id='word_1_248' title='bbox 1129 2790 1251 2855; x_wconf 91' lang='lat' dir='ltr'><strong>habere</strong></span> 
     </span>
     <span class='ocr_line' id='line_1_31' title="bbox 99 2814 1251 2966; baseline -0.003 -24"><span class='ocrx_word' id='word_1_249' title='bbox 99 2880 279 2945; x_wconf 89' lang='lat' dir='ltr'><strong>invenitur.</strong></span> <span class='ocrx_word' id='word_1_250' title='bbox 324 2880 362 2942; x_wconf 89' lang='lat' dir='ltr'><strong>Si</strong></span> <span class='ocrx_word' id='word_1_251' title='bbox 373 2902 449 2944; x_wconf 89' lang='lat' dir='ltr'><strong>vero</strong></span> <span class='ocrx_word' id='word_1_252' title='bbox 463 2879 573 2945; x_wconf 89' lang='lat' dir='ltr'><strong>nullus</strong></span> <span class='ocrx_word' id='word_1_253' title='bbox 590 2901 670 2943; x_wconf 89' lang='lat' dir='ltr'><strong>unus</strong></span> <span class='ocrx_word' id='word_1_254' title='bbox 682 2878 794 2966; x_wconf 87' lang='lat' dir='ltr'><strong>plures</strong></span> <span class='ocrx_word' id='word_1_255' title='bbox 804 2900 1007 2962; x_wconf 90' lang='lat' dir='ltr'><strong>vocesquam</strong></span> <span class='ocrx_word' id='word_1_256' title='bbox 1020 2814 1078 2941; x_wconf 80' lang='lat' dir='ltr'><strong>alii</strong></span> <span class='ocrx_word' id='word_1_257' title='bbox 1093 2876 1251 2941; x_wconf 92' lang='lat' dir='ltr'><strong>nominati</strong></span> 
     </span>
     <span class='ocr_line' id='line_1_32' title="bbox 99 2962 1249 3049; baseline -0.004 -20"><span class='ocrx_word' id='word_1_258' title='bbox 99 2964 267 3045; x_wconf 91' lang='lat' dir='ltr'><strong>babuerit,</strong></span> <span class='ocrx_word' id='word_1_259' title='bbox 291 2964 350 3029; x_wconf 88' lang='lat' dir='ltr'><strong>sed</strong></span> <span class='ocrx_word' id='word_1_260' title='bbox 369 2966 462 3032; x_wconf 90' lang='lat' dir='ltr'><strong>multi</strong></span> <span class='ocrx_word' id='word_1_261' title='bbox 485 2965 625 3048; x_wconf 84' lang='lat' dir='ltr'><strong>aequales</strong></span> <span class='ocrx_word' id='word_1_262' title='bbox 650 2986 795 3037; x_wconf 90' lang='lat' dir='ltr'><strong>numero,</strong></span> <span class='ocrx_word' id='word_1_263' title='bbox 819 2976 897 3028; x_wconf 90' lang='lat' dir='ltr'><strong>tunc</strong></span> <span class='ocrx_word' id='word_1_264' title='bbox 919 2964 975 3028; x_wconf 92' lang='lat' dir='ltr'><strong>ille</strong></span> <span class='ocrx_word' id='word_1_265' title='bbox 998 2985 1057 3049; x_wconf 94' lang='lat' dir='ltr'><strong>pro</strong></span> <span class='ocrx_word' id='word_1_266' title='bbox 1080 2962 1249 3027; x_wconf 89' lang='lat' dir='ltr'><strong>nominato</strong></span> 
     </span>
     <span class='ocr_line' id='line_1_33' title="bbox 100 3047 1250 3138; baseline -0.005 -21"><span class='ocrx_word' id='word_1_267' title='bbox 100 3052 206 3117; x_wconf 92' lang='lat' dir='ltr'><strong>electo</strong></span> <span class='ocrx_word' id='word_1_268' title='bbox 243 3052 404 3117; x_wconf 91' lang='lat' dir='ltr'><strong>habeatur</strong></span> <span class='ocrx_word' id='word_1_269' title='bbox 440 3074 539 3135; x_wconf 91' lang='lat' dir='ltr'><strong>quem</strong></span> <span class='ocrx_word' id='word_1_270' title='bbox 571 3051 832 3138; x_wconf 86' lang='lat' dir='ltr'><strong>Vicepraesidens</strong></span> <span class='ocrx_word' id='word_1_271' title='bbox 864 3048 1087 3122; x_wconf 88' lang='lat' dir='ltr'><strong>nominaverit,</strong></span> <span class='ocrx_word' id='word_1_272' title='bbox 1117 3047 1170 3112; x_wconf 92' lang='lat' dir='ltr'><strong>vel</strong></span> <span class='ocrx_word' id='word_1_273' title='bbox 1209 3069 1250 3111; x_wconf 93' lang='lat' dir='ltr'><strong>eo</strong></span> 
     </span>
     <span class='ocr_line' id='line_1_34' title="bbox 100 3132 1249 3223; baseline -0.005 -20"><span class='ocrx_word' id='word_1_274' title='bbox 100 3140 253 3217; x_wconf 88' lang='lat' dir='ltr'><strong>absente,</strong></span> <span class='ocrx_word' id='word_1_275' title='bbox 275 3138 392 3203; x_wconf 83' lang='lat' dir='ltr'><strong>Sosius</strong></span> <span class='ocrx_word' id='word_1_276' title='bbox 416 3139 556 3203; x_wconf 85' lang='lat' dir='ltr'><strong>maxime</strong></span> <span class='ocrx_word' id='word_1_277' title='bbox 577 3138 702 3203; x_wconf 90' lang='lat' dir='ltr'><strong>senior:</strong></span> <span class='ocrx_word' id='word_1_278' title='bbox 724 3137 863 3223; x_wconf 88' lang='lat' dir='ltr'><strong>ipseque</strong></span> <span class='ocrx_word' id='word_1_279' title='bbox 878 3134 992 3199; x_wconf 90' lang='lat' dir='ltr'><strong>statim</strong></span> <span class='ocrx_word' id='word_1_280' title='bbox 1014 3155 1074 3220; x_wconf 89' lang='lat' dir='ltr'><strong>per</strong></span> <span class='ocrx_word' id='word_1_281' title='bbox 1088 3132 1249 3197; x_wconf 85' lang='lat' dir='ltr'><strong>seniorem</strong></span> 
     </span>
     <span class='ocr_line' id='line_1_35' title="bbox 100 3219 1341 3324; baseline -0.01 -35"><span class='ocrx_word' id='word_1_282' title='bbox 100 3232 318 3290; x_wconf 86' lang='lat' dir='ltr'><strong>scrutatorem</strong></span> <span class='ocrx_word' id='word_1_283' title='bbox 331 3225 441 3324; x_wconf 87' lang='lat' dir='ltr'><strong>palam</strong></span> <span class='ocrx_word' id='word_1_284' title='bbox 457 3246 517 3310; x_wconf 92' lang='lat' dir='ltr'><strong>pro</strong></span> <span class='ocrx_word' id='word_1_285' title='bbox 537 3223 640 3289; x_wconf 87' lang='lat' dir='ltr'><strong>electo</strong></span> <span class='ocrx_word' id='word_1_286' title='bbox 652 3224 847 3312; x_wconf 90' lang='lat' dir='ltr'><strong>publicetur.</strong></span> <span class='ocrx_word' id='word_1_287' title='bbox 894 3221 960 3285; x_wconf 89' lang='lat' dir='ltr'><strong>His</strong></span> <span class='ocrx_word' id='word_1_288' title='bbox 974 3221 1084 3303; x_wconf 89' lang='lat' dir='ltr'><strong>itaque</strong></span> <span class='ocrx_word' id='word_1_289' title='bbox 1097 3219 1248 3305; x_wconf 91' lang='lat' dir='ltr'><strong>peractis,</strong></span> <span class='ocrx_word' id='word_1_290' title='bbox 1261 3232 1341 3278; x_wconf 76' lang='lat' dir='ltr'><strong>when</strong></span> 
     </span>
     <span class='ocr_line' id='line_1_36' title="bbox 100 3292 1398 3411; baseline -0.005 -36"><span class='ocrx_word' id='word_1_291' title='bbox 100 3310 197 3375; x_wconf 93' lang='lat' dir='ltr'><strong>nullo</strong></span> <span class='ocrx_word' id='word_1_292' title='bbox 211 3311 368 3411; x_wconf 82' lang='lat' dir='ltr'><strong>aliojurrs</strong></span> <span class='ocrx_word' id='word_1_293' title='bbox 382 3310 507 3383; x_wconf 87' lang='lat' dir='ltr'><strong>ordine,</strong></span> <span class='ocrx_word' id='word_1_294' title='bbox 522 3332 678 3397; x_wconf 90' lang='lat' dir='ltr'><strong>processu</strong></span> <span class='ocrx_word' id='word_1_295' title='bbox 700 3309 770 3373; x_wconf 91' lang='lat' dir='ltr'><strong>sive</strong></span> <span class='ocrx_word' id='word_1_296' title='bbox 781 3308 983 3385; x_wconf 90' lang='lat' dir='ltr'><strong>solennitate,</strong></span> <span class='ocrx_word' id='word_1_297' title='bbox 999 3303 1175 3389; x_wconf 90' lang='lat' dir='ltr'><strong>requisitis,</strong></span> <span class='ocrx_word' id='word_1_298' title='bbox 1190 3304 1249 3389; x_wconf 89' lang='lat' dir='ltr'><strong>illa</strong></span> <span class='ocrx_word' id='word_1_299' title='bbox 1259 3292 1361 3398; x_wconf 46' lang='lat'><strong>{¹32}</strong></span> <span class='ocrx_word' id='word_1_300' title='bbox 1370 3294 1398 3338; x_wconf 57' lang='grc' dir='ltr'>ω</span> 
     </span>
     <span class='ocr_line' id='line_1_37' title="bbox 145 3366 1383 3482; baseline -0.004 -21"><span class='ocrx_word' id='word_1_301' title='bbox 145 3419 246 3462; x_wconf 89' lang='lat' dir='ltr'><strong>rsona</strong></span> <span class='ocrx_word' id='word_1_302' title='bbox 264 3420 311 3461; x_wconf 88' lang='lat' dir='ltr'><strong>erc</strong></span> <span class='ocrx_word' id='word_1_303' title='bbox 325 3397 438 3474; x_wconf 91' lang='lat' dir='ltr'><strong>electa,</strong></span> <span class='ocrx_word' id='word_1_304' title='bbox 453 3397 627 3481; x_wconf 84' lang='lat' dir='ltr'><strong>quamcito</strong></span> <span class='ocrx_word' id='word_1_305' title='bbox 643 3393 808 3461; x_wconf 92' lang='lat' dir='ltr'><strong>commode</strong></span> <span class='ocrx_word' id='word_1_306' title='bbox 822 3393 894 3457; x_wconf 89' lang='lat' dir='ltr'><strong>ficri</strong></span> <span class='ocrx_word' id='word_1_307' title='bbox 915 3391 1044 3480; x_wconf 88' lang='lat' dir='ltr'><strong>poterit,</strong></span> <span class='ocrx_word' id='word_1_308' title='bbox 1109 3413 1125 3455; x_wconf 94' lang='lat' dir='ltr'><strong>r</strong></span> <span class='ocrx_word' id='word_1_309' title='bbox 1141 3392 1250 3479; x_wconf 89' lang='lat' dir='ltr'><strong>ipsum</strong></span> <span class='ocrx_word' id='word_1_310' title='bbox 1261 3366 1383 3482; x_wconf 66' lang='lat' dir='ltr'><strong>unbem</strong></span> 
     </span>
     <span class='ocr_line' id='line_1_38' title="bbox 100 3414 1411 3576; baseline -0.003 -29"><span class='ocrx_word' id='word_1_311' title='bbox 100 3420 430 3571; x_wconf 62' lang='lat' dir='ltr'><strong>idcepraesidentem</strong></span> <span class='ocrx_word' id='word_1_312' title='bbox 447 3484 476 3548; x_wconf 88' lang='lat' dir='ltr'><strong>si</strong></span> <span class='ocrx_word' id='word_1_313' title='bbox 499 3481 534 3546; x_wconf 91' lang='lat' dir='ltr'><strong>id</strong></span> <span class='ocrx_word' id='word_1_314' title='bbox 554 3483 661 3547; x_wconf 86' lang='lat' dir='ltr'><strong>oneris</strong></span> <span class='ocrx_word' id='word_1_315' title='bbox 684 3489 800 3567; x_wconf 90' lang='lat' dir='ltr'><strong>sponte</strong></span> <span class='ocrx_word' id='word_1_316' title='bbox 818 3502 878 3545; x_wconf 91' lang='lat' dir='ltr'><strong>sua</strong></span> <span class='ocrx_word' id='word_1_317' title='bbox 900 3480 1012 3545; x_wconf 90' lang='lat' dir='ltr'><strong>subire</strong></span> <span class='ocrx_word' id='word_1_318' title='bbox 1026 3414 1176 3559; x_wconf 71' lang='lat' dir='ltr'><strong>volderit,</strong></span> <span class='ocrx_word' id='word_1_319' title='bbox 1198 3478 1250 3544; x_wconf 91' lang='lat' dir='ltr'><strong>sin</strong></span> <span class='ocrx_word' id='word_1_320' title='bbox 1262 3470 1411 3576; x_wconf 52' lang='lat' dir='ltr'><strong>Wfflw</strong></span> 
     </span>
     <span class='ocr_line' id='line_1_39' title="bbox 102 3565 1367 3671; baseline -0.004 -36"><span class='ocrx_word' id='word_1_321' title='bbox 102 3572 223 3642; x_wconf 86' lang='lat' dir='ltr'><strong>minus,</strong></span> <span class='ocrx_word' id='word_1_322' title='bbox 238 3592 296 3671; x_wconf 91' lang='lat' dir='ltr'><strong>per</strong></span> <span class='ocrx_word' id='word_1_323' title='bbox 305 3570 406 3634; x_wconf 92' lang='lat' dir='ltr'><strong>alium</strong></span> <span class='ocrx_word' id='word_1_324' title='bbox 420 3590 524 3633; x_wconf 90' lang='lat' dir='ltr'><strong>unum</strong></span> <span class='ocrx_word' id='word_1_325' title='bbox 534 3591 575 3633; x_wconf 89' lang='lat' dir='ltr'><strong>ex</strong></span> <span class='ocrx_word' id='word_1_326' title='bbox 587 3567 684 3633; x_wconf 91' lang='lat' dir='ltr'><strong>dictis</strong></span> <span class='ocrx_word' id='word_1_327' title='bbox 695 3579 822 3654; x_wconf 89' lang='lat' dir='ltr'><strong>septem</strong></span> <span class='ocrx_word' id='word_1_328' title='bbox 836 3566 1020 3631; x_wconf 89' lang='lat' dir='ltr'><strong>senioribus</strong></span> <span class='ocrx_word' id='word_1_329' title='bbox 1032 3565 1138 3631; x_wconf 88' lang='lat' dir='ltr'><strong>Sociis</strong></span> <span class='ocrx_word' id='word_1_330' title='bbox 1146 3565 1251 3653; x_wconf 89' lang='lat' dir='ltr'><strong>ipsius</strong></span> <span class='ocrx_word' id='word_1_331' title='bbox 1263 3588 1367 3637; x_wconf 63' lang='lat' dir='ltr'><strong>onam.</strong></span> 
     </span>
     <span class='ocr_line' id='line_1_40' title="bbox 104 3653 1280 3754; baseline -0.001 -33"><span class='ocrx_word' id='word_1_332' title='bbox 104 3656 259 3741; x_wconf 75' lang='lat' dir='ltr'><strong>Collegit,</strong></span> <span class='ocrx_word' id='word_1_333' title='bbox 289 3678 348 3741; x_wconf 89' lang='lat' dir='ltr'><strong>per</strong></span> <span class='ocrx_word' id='word_1_334' title='bbox 379 3661 537 3742; x_wconf 90' lang='lat' dir='ltr'><strong>majorem</strong></span> <span class='ocrx_word' id='word_1_335' title='bbox 565 3663 693 3754; x_wconf 90' lang='lat' dir='ltr'><strong>partem</strong></span> <span class='ocrx_word' id='word_1_336' title='bbox 724 3654 869 3741; x_wconf 88' lang='lat' dir='ltr'><strong>ipsorum</strong></span> <span class='ocrx_word' id='word_1_337' title='bbox 897 3661 1031 3741; x_wconf 87' lang='lat' dir='ltr'><strong>septem,</strong></span> <span class='ocrx_word' id='word_1_338' title='bbox 1054 3661 1123 3733; x_wconf 92' lang='lat' dir='ltr'><strong>aut,</strong></span> <span class='ocrx_word' id='word_1_339' title='bbox 1151 3653 1280 3720; x_wconf 83' lang='lat' dir='ltr'><strong>nullis.</strong></span> 
     </span>
     <span class='ocr_line' id='line_1_41' title="bbox 102 3739 1253 3840; baseline -0.002 -34"><span class='ocrx_word' id='word_1_340' title='bbox 102 3751 245 3827; x_wconf 87' lang='lat' dir='ltr'><strong>quatuor</strong></span> <span class='ocrx_word' id='word_1_341' title='bbox 269 3764 310 3807; x_wconf 84' lang='lat' dir='ltr'><strong>ex</strong></span> <span class='ocrx_word' id='word_1_342' title='bbox 325 3741 391 3807; x_wconf 90' lang='lat' dir='ltr'><strong>illis</strong></span> <span class='ocrx_word' id='word_1_343' title='bbox 418 3758 541 3829; x_wconf 88' lang='lat' dir='ltr'><strong>septem</strong></span> <span class='ocrx_word' id='word_1_344' title='bbox 569 3764 603 3804; x_wconf 90' lang='lat' dir='ltr'><strong>m</strong></span> <span class='ocrx_word' id='word_1_345' title='bbox 631 3762 734 3803; x_wconf 90' lang='lat' dir='ltr'><strong>unum</strong></span> <span class='ocrx_word' id='word_1_346' title='bbox 755 3740 1046 3812; x_wconf 89' lang='lat' dir='ltr'><strong>consentientibus,</strong></span> <span class='ocrx_word' id='word_1_347' title='bbox 1070 3762 1130 3840; x_wconf 89' lang='lat' dir='ltr'><strong>per</strong></span> <span class='ocrx_word' id='word_1_348' title='bbox 1147 3739 1253 3805; x_wconf 89' lang='lat' dir='ltr'><strong>solum</strong></span> 
     </span>
     <span class='ocr_line' id='line_1_42' title="bbox 103 3825 1255 3915; baseline -0.004 -21"><span class='ocrx_word' id='word_1_349' title='bbox 103 3828 433 3915; x_wconf 85' lang='lat' dir='ltr'><strong>Vicepraesidentem,</strong></span> <span class='ocrx_word' id='word_1_350' title='bbox 450 3825 693 3895; x_wconf 87' lang='lat' dir='ltr'><strong>nominandum,</strong></span> <span class='ocrx_word' id='word_1_351' title='bbox 711 3846 778 3889; x_wconf 88' lang='lat' dir='ltr'><strong>una</strong></span> <span class='ocrx_word' id='word_1_352' title='bbox 790 3848 864 3890; x_wconf 94' lang='lat' dir='ltr'><strong>cum</strong></span> <span class='ocrx_word' id='word_1_353' title='bbox 872 3826 977 3891; x_wconf 91' lang='lat' dir='ltr'><strong>literis</strong></span> <span class='ocrx_word' id='word_1_354' title='bbox 991 3826 1155 3891; x_wconf 78' lang='lat' dir='ltr'><strong>electionis</strong></span> <span class='ocrx_word' id='word_1_355' title='bbox 1169 3849 1255 3913; x_wconf 87' lang='lat' dir='ltr'><strong>pree·</strong></span> 
     </span>
     <span class='ocr_line' id='line_1_43' title="bbox 104 3912 1255 4000; baseline -0.003 -20"><span class='ocrx_word' id='word_1_356' title='bbox 104 3915 204 3980; x_wconf 88' lang='lat' dir='ltr'><strong>dictae</strong></span> <span class='ocrx_word' id='word_1_357' title='bbox 228 3914 374 3993; x_wconf 87' lang='lat' dir='ltr'><strong>formam,</strong></span> <span class='ocrx_word' id='word_1_358' title='bbox 398 3936 436 3978; x_wconf 89' lang='lat' dir='ltr'><strong>ac</strong></span> <span class='ocrx_word' id='word_1_359' title='bbox 459 3914 630 4000; x_wconf 81' lang='lat' dir='ltr'><strong>praesentis</strong></span> <span class='ocrx_word' id='word_1_360' title='bbox 654 3912 760 3975; x_wconf 90' lang='lat' dir='ltr'><strong>nostri</strong></span> <span class='ocrx_word' id='word_1_361' title='bbox 786 3913 912 3991; x_wconf 89' lang='lat' dir='ltr'><strong>statuti,</strong></span> <span class='ocrx_word' id='word_1_362' title='bbox 937 3920 971 3976; x_wconf 91' lang='lat' dir='ltr'><strong>et</strong></span> <span class='ocrx_word' id='word_1_363' title='bbox 992 3912 1174 3999; x_wconf 86' lang='lat' dir='ltr'><strong>juramenti</strong></span> <span class='ocrx_word' id='word_1_364' title='bbox 1195 3933 1255 3998; x_wconf 91' lang='lat' dir='ltr'><strong>per</strong></span> 
     </span>
     <span class='ocr_line' id='line_1_44' title="bbox 103 3996 1255 4098; baseline -0.003 -31"><span class='ocrx_word' id='word_1_365' title='bbox 103 4002 310 4067; x_wconf 90' lang='lat' dir='ltr'><strong>nominatum</strong></span> <span class='ocrx_word' id='word_1_366' title='bbox 336 4000 525 4086; x_wconf 89' lang='lat' dir='ltr'><strong>hujusmodi</strong></span> <span class='ocrx_word' id='word_1_367' title='bbox 570 3996 736 4076; x_wconf 72' lang='lat' dir='ltr'><strong>restandi,</strong></span> <span class='ocrx_word' id='word_1_368' title='bbox 762 4007 892 4062; x_wconf 89' lang='lat' dir='ltr'><strong>tenores</strong></span> <span class='ocrx_word' id='word_1_369' title='bbox 916 3998 1064 4098; x_wconf 91' lang='lat' dir='ltr'><strong>plenarie</strong></span> <span class='ocrx_word' id='word_1_370' title='bbox 1087 3997 1255 4063; x_wconf 90' lang='lat' dir='ltr'><strong>continen-</strong></span> 
     </span>
     <span class='ocr_line' id='line_1_45' title="bbox 106 4022 1257 4174; baseline -0.005 -20"><span class='ocrx_word' id='word_1_371' title='bbox 106 4089 208 4166; x_wconf 88' lang='lat' dir='ltr'><strong>tibus,</strong></span> <span class='ocrx_word' id='word_1_372' title='bbox 228 4087 338 4174; x_wconf 87' lang='lat' dir='ltr'><strong>sigillo</strong></span> <span class='ocrx_word' id='word_1_373' title='bbox 352 4086 517 4151; x_wconf 85' lang='lat' dir='ltr'><strong>communi</strong></span> <span class='ocrx_word' id='word_1_374' title='bbox 540 4022 622 4149; x_wconf 87' lang='lat' dir='ltr'><strong>dicti</strong></span> <span class='ocrx_word' id='word_1_375' title='bbox 636 4084 780 4169; x_wconf 88' lang='lat' dir='ltr'><strong>Collegii</strong></span> <span class='ocrx_word' id='word_1_376' title='bbox 796 4083 900 4167; x_wconf 93' lang='lat' dir='ltr'><strong>(quod</strong></span> <span class='ocrx_word' id='word_1_377' title='bbox 914 4107 949 4148; x_wconf 90' lang='lat' dir='ltr'><strong>m</strong></span> <span class='ocrx_word' id='word_1_378' title='bbox 965 4083 1027 4149; x_wconf 92' lang='lat' dir='ltr'><strong>hoc</strong></span> <span class='ocrx_word' id='word_1_379' title='bbox 1042 4104 1108 4147; x_wconf 90' lang='lat' dir='ltr'><strong>uno</strong></span> <span class='ocrx_word' id='word_1_380' title='bbox 1130 4105 1206 4147; x_wconf 87' lang='lat' dir='ltr'><strong>casu</strong></span> <span class='ocrx_word' id='word_1_381' title='bbox 1221 4091 1257 4148; x_wconf 91' lang='lat' dir='ltr'><strong>et</strong></span> 
     </span>
     <span class='ocr_line' id='line_1_46' title="bbox 5 4168 1257 4269; baseline -0.004 -30"><span class='ocrx_word' id='word_1_382' title='bbox 5 4178 6 4181; x_wconf 70' lang='grc'>’</span> <span class='ocrx_word' id='word_1_383' title='bbox 104 4197 172 4239; x_wconf 91' lang='lat' dir='ltr'><strong>non</strong></span> <span class='ocrx_word' id='word_1_384' title='bbox 196 4174 261 4238; x_wconf 88' lang='lat' dir='ltr'><strong>alio</strong></span> <span class='ocrx_word' id='word_1_385' title='bbox 283 4174 421 4238; x_wconf 89' lang='lat' dir='ltr'><strong>absente</strong></span> <span class='ocrx_word' id='word_1_386' title='bbox 447 4171 652 4236; x_wconf 85' lang='lat' dir='ltr'><strong>Praesidcnte</strong></span> <span class='ocrx_word' id='word_1_387' title='bbox 675 4169 806 4235; x_wconf 85' lang='lat' dir='ltr'><strong>extrahi</strong></span> <span class='ocrx_word' id='word_1_388' title='bbox 833 4168 1071 4256; x_wconf 88' lang='lat' dir='ltr'><strong>permittimus)</strong></span> <span class='ocrx_word' id='word_1_389' title='bbox 1090 4168 1257 4269; x_wconf 80' lang='lat' dir='ltr'><strong>sigillatis,</strong></span> 
     </span>
    </p>
   </div>
   <div class='ocr_carea' id='block_1_3' title="bbox 104 4254 1257 4355">
    <p class='ocr_par' dir='ltr' id='par_1_3' title="bbox 104 4254 1257 4355">
     <span class='ocr_line' id='line_1_47' title="bbox 104 4254 1257 4355; baseline -0.005 -28"><span class='ocrx_word' id='word_1_390' title='bbox 104 4262 251 4327; x_wconf 91' lang='lat' dir='ltr'><strong>Domino</strong></span> <span class='ocrx_word' id='word_1_391' title='bbox 261 4260 424 4346; x_wconf 83' lang='lat' dir='ltr'><strong>Episcopo</strong></span> <span class='ocrx_word' id='word_1_392' title='bbox 433 4257 665 4335; x_wconf 88' lang='lat' dir='ltr'><strong>Wintoniensi,</strong></span> <span class='ocrx_word' id='word_1_393' title='bbox 681 4256 787 4343; x_wconf 91' lang='lat' dir='ltr'><strong>ipsius</strong></span> <span class='ocrx_word' id='word_1_394' title='bbox 802 4254 947 4341; x_wconf 83' lang='lat' dir='ltr'><strong>Collegii</strong></span> <span class='ocrx_word' id='word_1_395' title='bbox 961 4268 1108 4355; x_wconf 90' lang='lat' dir='ltr'><strong>patrono,</strong></span> <span class='ocrx_word' id='word_1_396' title='bbox 1124 4277 1182 4339; x_wconf 91' lang='lat' dir='ltr'><strong>qur</strong></span> <span class='ocrx_word' id='word_1_397' title='bbox 1197 4278 1257 4344; x_wconf 92' lang='lat' dir='ltr'><strong>pro</strong></span> 
     </span>
    </p>
   </div>
   <div class='ocr_carea' id='block_1_4' title="bbox 106 4341 1259 4521">
    <p class='ocr_par' dir='ltr' id='par_1_4' title="bbox 106 4341 1259 4521">
     <span class='ocr_line' id='line_1_48' title="bbox 106 4341 1257 4434; baseline -0.005 -21"><span class='ocrx_word' id='word_1_398' title='bbox 106 4358 254 4434; x_wconf 91' lang='lat' dir='ltr'><strong>tempore</strong></span> <span class='ocrx_word' id='word_1_399' title='bbox 267 4346 378 4419; x_wconf 88' lang='lat' dir='ltr'><strong>fuerit,</strong></span> <span class='ocrx_word' id='word_1_400' title='bbox 393 4345 445 4409; x_wconf 92' lang='lat' dir='ltr'><strong>vel</strong></span> <span class='ocrx_word' id='word_1_401' title='bbox 456 4345 529 4430; x_wconf 94' lang='lat' dir='ltr'><strong>ipso</strong></span> <span class='ocrx_word' id='word_1_402' title='bbox 540 4344 575 4407; x_wconf 91' lang='lat' dir='ltr'><strong>in</strong></span> <span class='ocrx_word' id='word_1_403' title='bbox 588 4342 721 4407; x_wconf 89' lang='lat' dir='ltr'><strong>remotis</strong></span> <span class='ocrx_word' id='word_1_404' title='bbox 736 4349 831 4406; x_wconf 88' lang='lat' dir='ltr'><strong>extra</strong></span> <span class='ocrx_word' id='word_1_405' title='bbox 842 4341 1007 4406; x_wconf 81' lang='lat' dir='ltr'><strong>direcesrm</strong></span> <span class='ocrx_word' id='word_1_406' title='bbox 1021 4363 1114 4405; x_wconf 88' lang='lat' dir='ltr'><strong>suam</strong></span> <span class='ocrx_word' id='word_1_407' title='bbox 1125 4350 1257 4427; x_wconf 87' lang='lat' dir='ltr'><strong>agente,</strong></span> 
     </span>
     <span class='ocr_line' id='line_1_49' title="bbox 106 4425 1259 4521; baseline -0.009 -22"><span class='ocrx_word' id='word_1_408' title='bbox 106 4434 212 4521; x_wconf 85' lang='lat' dir='ltr'><strong>ipsius</strong></span> <span class='ocrx_word' id='word_1_409' title='bbox 238 4432 273 4497; x_wconf 91' lang='lat' dir='ltr'><strong>iu</strong></span> <span class='ocrx_word' id='word_1_410' title='bbox 296 4430 524 4519; x_wconf 89' lang='lat' dir='ltr'><strong>spiritualibus</strong></span> <span class='ocrx_word' id='word_1_411' title='bbox 548 4428 681 4493; x_wconf 90' lang='lat' dir='ltr'><strong>Vicario</strong></span> <span class='ocrx_word' id='word_1_412' title='bbox 706 4426 862 4508; x_wconf 84' lang='lat' dir='ltr'><strong>generali,</strong></span> <span class='ocrx_word' id='word_1_413' title='bbox 882 4440 947 4507; x_wconf 83' lang='lat' dir='ltr'><strong>aut,</strong></span> <span class='ocrx_word' id='word_1_414' title='bbox 969 4425 1047 4492; x_wconf 88' lang='lat' dir='ltr'><strong>sede</strong></span> <span class='ocrx_word' id='word_1_415' title='bbox 1070 4426 1259 4515; x_wconf 88' lang='lat' dir='ltr'><strong>Episcopali</strong></span> 
     </span>
    </p>
   </div>
   <div class='ocr_carea' id='block_1_5' title="bbox 0 0 1513 4700">
    <p class='ocr_par' dir='ltr' id='par_1_5' title="bbox 0 0 1513 4700">
     <span class='ocr_line' id='line_1_50' title="bbox 0 0 1513 4700; baseline 0 0"><span class='ocrx_word' id='word_1_416' title='bbox 0 0 1513 4700; x_wconf 95' lang='lat' dir='ltr'><strong> </strong></span> 
     </span>
    </p>
   </div>
   <div class='ocr_carea' id='block_1_6' title="bbox 396 4632 415 4665">
    <p class='ocr_par' dir='ltr' id='par_1_6' title="bbox 396 4632 415 4665">
     <span class='ocr_line' id='line_1_51' title="bbox 396 4632 415 4665; baseline 0 0"><span class='ocrx_word' id='word_1_417' title='bbox 396 4632 415 4665; x_wconf 69' lang='grc' dir='ltr'>Ο</span> 
     </span>
    </p>
   </div>
  </div>
 </body>
</html>
