3000 4700
198 136 259 224 ’56
421 161 555 228 &auus
568 165 607 247 ‘ff
619 162 737 247 Corpus
755 161 875 226 Christi
892 161 1017 246 Callope,
1037 161 1167 248 Oasord.

53 335 166 393 lesera-
218 345 278 414 per
301 345 337 390 se
363 325 413 390 vel
436 347 495 412 per
517 347 594 390 suos
618 324 795 411 deputatos
817 319 965 400 idoneos,
980 325 1189 390 Praesidentis
1204 324 1260 389 vel
1275 324 1371 388 Vice·
1466 246 1470 337 i

52 398 192 512 fflffl
218 411 423 498 presidentis
438 411 563 498 judicio
577 411 820 498 approbandos,
836 413 870 476 in
893 411 1044 498 Collegio
1058 414 1210 476 continuo
1223 433 1370 488 manere,
1466 376 1472 476 l

54 514 158 559 remam.
219 497 374 575 residere,
385 520 419 562 ac
435 521 493 562 sua
508 499 654 584 ipsorum
669 499 775 562 officia
789 497 978 585 diligenter,
992 500 1092 562 ctiam
1102 507 1248 584 tempore
1264 497 1372 581 pestis

219 584 417 671 hujusmodi,
431 585 725 668 exeqni‚volumus,
737 586 923 664 statuimus,
935 593 1033 667 atque
1041 584 1097 648 ini
1124 607 1231 648 sorum
1244 585 1373 670 vimju·
1473 580 1475 662 l

54 682 155 728 service
180 672 354 734 stramenti
364 693 418 735 eos
430 674 576 735 astrictos
587 671 791 736 decernimus
802 683 835 734 et
846 671 1060 735 declaramus.
1117 672 1275 749 tinterea,
1287 670 1372 735 dum

54 741 192 846 {23¹⁰ssss
217 755 377 832 ridelicet‚
396 757 479 821 Socii
498 765 530 823 et
549 757 713 822 scholares
727 758 770 820 ob
785 756 1005 822 vehementem
1028 756 1218 844 hujusmodi
1238 764 1370 842 pestem
1474 701 1477 791 l

54 857 143 930 aaron
164 858 208 930 oa·
220 843 251 905 in
261 865 362 907 unum
373 843 482 908 locum
491 843 709 926 utprael'ertur
719 844 1120 932 congregatifuerint‚nee
1130 844 1203 907 illos
1214 845 1371 906 absentes

54 921 207 1024 ffiewm'
220 950 278 994 nce
297 929 397 993 etiam
420 928 479 995 hos
498 931 556 1014 qui
575 929 663 994 domi
678 929 823 994 resident
837 931 880 994 sd
895 931 1062 995 solennem
1078 939 1209 993 cantum
1231 930 1371 992 matuti-

125 1007 134 1024 “
218 1037 333 1080 narum
349 1025 382 1080 et
401 1026 594 1082 caeterarum
617 1015 772 1080 horarum
792 1017 1030 1090 canonicarum,
1053 1017 1216 1093 videlicet,
1239 1016 1371 1102 primae,

219 1101 335 1171 tertiae.
352 1112 454 1167 sextae
470 1111 504 1166 et
520 1125 624 1175 nonae,
640 1103 781 1188 astringi
795 1110 830 1166 et
840 1104 957 1168 arctari
974 1102 1134 1166 volumus.
1173 1103 1240 1166 Eos
1255 1110 1371 1165 tamen
1481 1126 1482 1135 ¹

217 1189 274 1272 qui
291 1187 382 1251 domi
399 1189 504 1253 relicti
520 1189 641 1254 luerint
663 1188 835 1276 predictas
860 1190 1039 1253 matutinas
1059 1199 1093 1252 et
1114 1189 1210 1251 horas
1229 1188 1264 1250 iu
1280 1208 1372 1250 eom-

217 1274 308 1337 muni
318 1275 350 1337 in
361 1273 469 1350 choro,
479 1275 617 1362 singulis
629 1275 745 1340 diebus
755 1276 789 1338 in
799 1277 916 1362 quibus
926 1298 981 1340 eas
991 1298 1108 1339 canere
1117 1283 1371 1352 consueverunt,

219 1359 424 1426 submissiori
438 1383 514 1425 voce
532 1365 618 1427 inter
633 1384 669 1426 sc
684 1363 791 1426 dicere.
811 1370 845 1426 et
870 1362 1053 1448 persolvere
1067 1362 1284 1448 praecipimus,
1302 1367 1374 1422 sta-

219 1447 343 1510 tuimus
368 1455 401 1511 et
424 1447 624 1513 ordinamus.
678 1449 723 1513 Et
748 1451 900 1534 quoniam
925 1447 1111 1512 rudimenta
1134 1455 1212 1510 sunt
1235 1446 1373 1509 noviciis
1483 1420 1489 1569 Ι

218 1531 407 1612 difficiliora,
424 1539 643 1620 majoremque
656 1543 831 1622 propterea
839 1541 992 1622 expetunt
1006 1534 1222 1619 diligentiam,
1235 1531 1373 1595 manda·
1489 1612 1490 1617 η

219 1641 291 1682 mus
307 1627 345 1683 ut
360 1641 420 1706 per
436 1619 682 1699 Praesideutem,
700 1630 757 1684 aut
772 1643 811 1685 eo
827 1621 962 1686 absente
975 1642 1032 1707 per
1043 1618 1375 1702 Vicepraesidentem,

54 1714 252 1781 effrenaret
269 1706 441 1770 Decaunm
458 1707 576 1771 artium
592 1729 679 1771 unus
691 1713 749 1770 aut
760 1706 836 1780 duo,
846 1707 1028 1771 secundum
1043 1728 1214 1771 numerum
1230 1703 1371 1769 audien·

54 1795 176 1898 appar
219 1792 313 1871 tium,
324 1792 548 1856 conducantur
559 1793 643 1859 Socii
654 1794 705 1858 vel
721 1793 884 1858 scholares
898 1795 932 1858 in
946 1793 1079 1857 biennio
1088 1792 1301 1878 probationis,
1312 1791 1375 1874 qui

53 1866 86 1898 ⁸¹¹
121 1865 183 1912 ⁰³¹⁰·
218 1877 384 1962 sophistas
399 1888 432 1943 et
448 1879 569 1965 logicos
583 1901 696 1944 omncs
711 1887 745 1944 et
758 1880 907 1966 singulos
922 1879 1180 1964 nostriCollegii
1195 1886 1266 1942 toto
1281 1899 1374 1941 anno

218 1963 380 2043 erudiant,
391 1965 523 2031 assidue
534 1966 686 2052 legendo,
697 1989 734 2031 ac
745 1987 819 2030 cum
835 1966 1039 2031 reddiderint
1052 1988 1092 2029 ea
1106 1988 1179 2049 quae
1192 1965 1277 2029 lecta
1292 1973 1374 2027 sunt

218 2051 430 2128 advertendo,
442 2051 621 2136 arguendo,
632 2052 883 2140 increpandum
893 2061 1039 2138 tempore
1050 2051 1226 2122 laudando,
1238 2049 1372 2114 desides

217 2147 250 2202 et
272 2139 481 2224 negligentes
506 2138 698 2226 castigando
721 2146 780 2203 aut
803 2140 996 2204 verberibus
1019 2147 1078 2202 aut
1103 2138 1169 2202 alia
1182 2159 1281 2223 poena
1295 2158 1374 2218 quae

216 2226 412 2309 praesentius
439 2225 593 2290 videatur
619 2227 735 2290 afferre
754 2225 955 2302 remedium3
977 2223 1180 2312 sophismata
1201 2233 1279 2287 ante
1301 2245 1373 2286 me-

217 2310 343 2389 ridiem,
365 2319 397 2375 ct
413 2311 441 2373 si
456 2319 605 2396 oporteat
619 2313 718 2377 etiam
734 2320 809 2398 post
823 2312 1010 2397 prandium,
1027 2335 1065 2377 ac
1078 2311 1277 2377 variationes
1292 2317 1372 2395 post

216 2419 351 2474 emnam,
368 2396 499 2461 assidue
519 2397 666 2477 audiant,
681 2408 716 2463 et
729 2407 769 2463 ut
787 2421 861 2463 eum
877 2400 967 2463 omni
980 2399 1153 2485 vigilantia
1166 2406 1200 2462 et
1215 2399 1372 2461 exercita-

216 2485 308 2548 tione
329 2484 542 2548 observentur
567 2484 750 2559 intendant,
766 2507 803 2549 ac
821 2485 1018 2550 creberrime
1040 2494 1159 2571 cogant
1182 2505 1286 2548 unum
1310 2492 1372 2546 aut

217 2571 326 2656 plures
346 2592 481 2634 suorum
504 2570 741 2656 discipulorum
760 2594 873 2636 omnes
896 2580 954 2636 aut
975 2571 1096 2635 multas
1117 2571 1254 2635 recitare
1271 2591 1371 2654 argu-

217 2656 435 2721 mentationcs
472 2680 546 2721 eum
574 2679 687 2723 earum
723 2658 952 2738 solutionibus,
983 2669 1020 2721 ut
1049 2658 1241 2742 intelligant
1270 2678 1371 2739 quam

55 2760 206 2833 Moctrnthe
219 2752 344 2807 attente
370 2740 582 2807 adhibuerint
606 2765 711 2812 aures.
759 2746 832 2809 Nec
854 2756 1076 2809 contemnatur
1091 2744 1174 2808 illud
1189 2742 1375 2829 gloriosum

55 2822 150 2867 Parva
217 2830 250 2893 in
267 2828 405 2893 Parviso
419 2836 599 2906 certamcn3
626 2840 783 2917 praestare
800 2832 922 2895 etenim
938 2832 1009 2895 aliis
1024 2840 1058 2895 et
1079 2832 1233 2895 excellere
1250 2849 1324 2892 acre
1336 2839 1372 2892 et

219 2937 416 3002 generosum
432 2914 492 2979 alit
506 2915 695 3001 ingenium3
716 2917 772 2980 sed
794 2918 877 2981 illud
900 2917 1021 2981 adeant
1043 2938 1156 2982 omnes
1178 2918 1278 2979 nostri
1293 2915 1372 2977 Gol-

218 3002 300 3089 legii
315 3000 470 3087 sophista
485 3012 520 3066 et
534 3002 698 3068 dialectici
709 3004 770 3089 qui
785 3025 886 3090 supra
897 3014 1052 3068 semestre
1066 3013 1100 3068 et
1112 3004 1220 3067 miuus
1233 3002 1373 3088 triginta

218 3091 383 3155 mensibus
415 3087 583 3177 sophistice
605 3096 639 3153 et
664 3089 840 3155 dialecticae
869 3112 1002 3176 operam
1037 3089 1212 3165 dederunt,
1238 3087 1372 3172 quoties

54 3192 156 3239 aarum
180 3177 365 3241 orvideatur
380 3174 576 3240 Praesidenti
592 3183 650 3241 ant
663 3199 702 3241 eo
718 3177 854 3241 absente
869 3176 1146 3261 Vioepraesidenti
1184 3175 1257 3239 Nec
1272 3175 1371 3237 liceat

54 3250 179 3358 {marg}
216 3264 311 3327 Socio
326 3271 383 3327 aut
398 3262 536 3326 scholari
555 3263 596 3326 ad
621 3263 759 3329 officium
774 3263 923 3328 Lectoris
938 3262 1096 3349 deputato
1113 3263 1148 3327 id
1164 3262 1283 3339 oneris,
1305 3260 1373 3324 sub

77 3325 105 3359 ⁰⁰
175 3343 182 3357 ’
216 3370 313 3435 poena
326 3348 474 3436 perjurii,
491 3348 655 3435 denegare
670 3350 967 3415 autcontradiccre.
1012 3349 1078 3423 Qui
1096 3349 1275 3433 diligenter
1288 3346 1370 3410 Por·

215 3434 366 3523 phyrium
377 3445 412 3499 et
421 3435 644 3514 Aristotelem,
657 3436 765 3522 primo
777 3438 893 3500 Latine
903 3445 936 3500 et
946 3437 1191 3521 posteaGraece,
1198 3432 1374 3518 discipulis

216 3520 416 3608 explanabit.
462 3521 549 3585 Etsi
564 3521 599 3583 in
618 3532 785 3605 assumpto
805 3522 910 3586 officio
933 3522 1034 3586 fuerit
1056 3520 1288 3608 negligentior,
1309 3540 1373 3605 per

217 3606 453 3674 Praesidentem
483 3606 535 3671 rel
559 3606 868 3692 Vicepraesidentem
898 3615 932 3673 et
960 3608 1079 3672 artium
1111 3610 1290 3685 Decanum,
1309 3628 1373 3693 per

217 3692 470 3759 subtractionem
493 3691 604 3755 salarii
630 3715 667 3757 ac
693 3693 792 3757 etiarn
819 3716 886 3761 suaa
913 3694 1082 3780 pensionis
1107 3702 1165 3758 ant
1189 3693 1373 3772 convictus,

217 3780 283 3844 nisi
297 3777 442 3843 monitus
457 3799 495 3840 se
505 3779 687 3858 correxerit,
697 3780 866 3865 puniatur.
898 3782 981 3847 Dies
996 3802 1071 3845 vero
1085 3780 1183 3844 festos
1199 3802 1235 3843 ac
1248 3800 1371 3865 parvas

11 3896 21 3925 ι
53 3884 165 3943 occupa·
219 3866 262 3931 ob
278 3868 362 3930 testa
377 3863 563 3929 vacationes
579 3863 613 3927 hi
628 3863 810 3931 scholast-ici
826 3889 897 3931 non·
910 3868 977 3931 otio
995 3888 1058 3931 non
1073 3865 1151 3930 ludo
1166 3874 1373 3945 consumant,

12 3994 15 4029 =,
53 3942 167 4050 {¹322ss
175 4012 208 4047 on
220 3953 325 4019 sedin
339 3948 545 4015 conficiendis
559 3951 759 4016 carminibus
774 3962 809 4017 et
817 3954 973 4040 epistolis,
983 3952 1018 4016 in
1033 3954 1207 4039 praeceptis·
1218 3953 1370 4033 eloquen-

54 4060 175 4121 tioris-ys.
221 4041 286 4118 tiae,
301 4039 418 4125 poetis,
429 4036 613 4102 oratoribus
628 4046 686 4104 aut
700 4037 858 4119 historiis,
870 4060 930 4126 pro
941 4039 1077 4103 arbitrio
1091 4037 1241 4103 Lectoris
1255 4037 1370 4101 huma-

15 4130 17 4159 *
218 4127 335 4192 nitatis
351 4124 419 4209 (cui
432 4145 472 4188 ea
487 4145 558 4207 quae
579 4124 676 4188 dictis
692 4126 897 4211 temporibus
910 4125 1152 4212 composuerint
1165 4146 1244 4189 mox
1258 4132 1374 4186 osten-

15 4174 18 4258 l
218 4211 310 4291 dant,
322 4218 393 4299 ejus
402 4210 532 4297 judicio
544 4232 685 4275 censura
698 4211 869 4293 probanda
879 4212 929 4277 vel
944 4209 1167 4295 castiganda).
1194 4211 1242 4274 Ut
1257 4220 1369 4274 tamen

215 4298 381 4363 interdum
397 4298 523 4361 animos
532 4304 566 4360 et
575 4296 687 4361 studia
696 4296 738 4361 ad
753 4305 892 4381 tempus,
903 4309 971 4361 tam
987 4295 1141 4381 profestis
1149 4316 1248 4379 quam
1263 4295 1371 4375 festis,

19 4408 27 4552 p
216 4392 292 4473 post
321 4382 505 4460 meridiem,
534 4390 569 4445 ct
598 4404 832 4466 nonnrmquam
861 4383 961 4449 etiam
989 4382 1022 4444 in
1047 4382 1282 4459 vacationibus»
1309 4382 1370 4446 ⁸⁰⁶

1252 4650 1410 4660 .„-.--—-——
1417 4647 1421 4650 ·
1430 4647 1438 4650 -
