3000 4700
262 255 306 319 46
464 253 600 320 Statates
614 253 653 336 eff
666 248 783 334 Corpus
801 247 921 314 Christi
934 248 1060 333 Collegae,
1081 249 1209 334 Oqford.

229 451 234 462 ·
261 417 521 504 completorium,
545 435 658 479 omnes
679 398 714 477 et
740 413 867 498 singuli
891 403 989 491 Socii,
1014 410 1179 476 scholares
1194 418 1228 476 et
1247 408 1415 494 discipuli,

262 510 445 589 praecentor
460 512 493 567 et
507 501 649 578 sacrista,
671 499 708 562 in
724 499 801 563 aula
824 499 961 562 interae
981 497 1097 562 devote
1111 505 1245 560 cantent
1270 496 1416 580 aliquam

263 588 473 675 antiphonam
504 589 539 651 in
569 585 726 649 honorem
753 585 904 670 gloriosae
927 584 1066 669 virginis
1089 591 1123 646 et
1148 583 1263 646 matris
1287 581 1415 644 Marias.

264 675 340 753 Qua
347 683 488 752 cantata,
500 673 610 737 dieant
620 670 782 756 psalmum
797 672 882 733 “De
896 669 1069 768 profundis
1080 669 1098 697 ''
1114 691 1187 733 cum
1198 667 1415 743 orationibus,

263 769 302 825 ut
330 782 438 848 supra.
493 757 560 822 Cui
585 755 774 842 antiphone
803 763 838 820 et
867 755 940 818 alris
967 755 1128 840 precibus,
1159 763 1197 818 ut
1225 752 1415 840 praefertur,

262 865 375 910 omnes
406 853 441 910 et
462 843 610 930 singulos
639 841 816 928 praedictos
843 841 1001 906 interesse
1030 840 1178 905 volumus
1207 861 1228 902 a
1252 839 1415 925 principio

264 952 370 1018 usque
385 932 428 996 ad
442 931 549 1009 finem,
574 936 722 993 cessante
741 926 980 1012 impedimento
996 925 1144 1011 legitimo
1159 946 1218 1011 per
1234 924 1413 988 Praesiden-

263 1023 331 1081 tem
346 1026 403 1083 aut
418 1039 457 1081 eo
473 1017 610 1080 absente¹
621 1013 932 1100 Vicepreesidentem
951 1019 1017 1092 aut,
1033 1010 1193 1075 ambobus
1207 1010 1413 1089 absentibus,

262 1101 548 1184 Vieepraesidentis
561 1104 765 1186 deputatum,
781 1120 823 1185 ap
848 1096 1004 1177 robando,
1028 1099 1090 1161 sub
1115 1119 1214 1186 poena
1229 1097 1414 1161 amissionis

264 1191 431 1252 convietus
453 1209 512 1273 per
534 1207 638 1250 uuum
661 1185 759 1250 diem.
845 1184 975 1249 olumus
1000 1185 1136 1269 insuper
1160 1190 1195 1246 et
1218 1182 1413 1246 mandamus

264 1273 363 1371 quod,
380 1285 499 1359 quater
513 1272 562 1336 sin
587 1271 652 1335 ulis
668 1273 761 1335 annis
774 1270 809 1334 in
823 1277 1030 1356 perpetuum,
1045 1269 1171 1333 circiter
1186 1269 1282 1332 finem
1298 1275 1413 1355 cujus-

264 1357 348 1422 hbet
362 1359 528 1446 quarterii,
553 1297 662 1444 aliquo
682 1356 736 1421 die
752 1378 820 1443 quo
841 1355 1090 1420 convenientius
1102 1355 1176 1418 fieri
1188 1355 1303 1440 possit,
1320 1355 1411 1418 Prae·

264 1443 384 1523 sidens,
406 1445 489 1508 siin
516 1443 741 1507 Universitate
763 1455 912 1541 praesens
934 1441 1045 1519 fuerit,
1070 1440 1166 1520 Socii,
1190 1440 1353 1524 scholares
1378 1449 1414 1514 et

264 1529 426 1616 discipuli,
442 1551 479 1592 ae
494 1528 636 1591 ministri
652 1527 782 1606 sacelh,
807 1543 920 1592 omnes
939 1535 975 1592 et
999 1527 1124 1612 singuli
1138 1526 1170 1612 iq
1188 1527 1412 1601 Universitate

264 1623 451 1702 praesentes,
478 1613 653 1677 solenniter
676 1619 809 1677 cantent
832 1613 986 1696 exequias
1010 1622 1225 1693 mortuorum,
1245 1633 1412 1676 commen-

265 1703 429 1766 dationem
454 1699 637 1764 animarum
662 1707 695 1764 et
714 1698 845 1763 missam
861 1697 902 1762 de
918 1698 1146 1783 “·Requiem,''
1161 1720 1252 1762 more
1266 1699 1411 1762 Sarensis

194 1821 200 1835 ·
265 1787 414 1852 eeclesiae.
460 1785 609 1864 Quarum
622 1792 767 1871 quatuor
789 1784 1002 1871 exequiarum
1023 1784 1089 1848 illae
1103 1806 1177 1871 quae
1198 1793 1274 1848 ante
1288 1785 1409 1848 festum

266 1871 399 1938 Natalis
414 1871 542 1935 Christi
557 1871 735 1935 solenniter
755 1871 1012 1934 celebrabuntur
1034 1877 1131 1934 erunt
1150 1870 1337 1955 specialiter
1351 1893 1410 1956 pro

265 1958 437 2022 animabus
462 1956 659 2020 serenissimi
675 1957 780 2042 Regis
796 1955 935 2020 Henriei
950 1956 1098 2041 Septimi,
1115 1956 1323 2021 nobilissimae
1337 1962 1411 2042 ejus

264 2043 413 2129 conjugis
441 2041 629 2121 Elisabeth,
654 2049 688 2106 et
703 2042 855 2106 dominas
885 2041 1088 2126 Margaretae
1114 2041 1192 2105 olim
1221 2042 1411 2106 Comitissae

263 2127 499 2209 Richmondiae,
512 2127 667 2215 ejusdem
678 2127 780 2213 Regis
795 2127 908 2191 matris
921 2125 1180 2208 benignissimae3
1210 2149 1334 2192 necnon
1349 2149 1411 2214 pro

262 2215 438 2279 animabus
464 2213 669 2278 invictissimi
696 2220 730 2276 et
752 2212 969 2276 illustrissimi
990 2212 1093 2298 Regis
1122 2213 1261 2277 Henrici
1282 2213 1408 2292 Octavi,

262 2301 521 2383 charissimaeque
540 2303 612 2386 ejus
627 2297 778 2383 conjugis
787 2297 991 2378 'Gatharinae,
1038 2306 1188 2383 estquam
1203 2299 1246 2363 ab
1261 2297 1321 2364 hae
1336 2300 1409 2365 luce

261 2386 390 2449 evocati
403 2386 534 2449 luerim.
581 2383 650 2447 lllae
673 2393 784 2447 autem
807 2407 879 2467 quae
894 2321 1146 2450 celebrabuntur
1168 2387 1202 2447 in
1225 2386 1411 2473 septimana

264 2470 387 2535 Sancta
414 2478 491 2535 ante
519 2468 646 2534 Pascha
672 2469 860 2556 specialiter
880 2477 978 2535 erunt
998 2491 1059 2556 pro
1089 2472 1194 2536 anima
1218 2478 1342 2551 nostra,
1372 2494 1410 2537 ac

287 2564 436 2621 arentum
450 2564 483 2620 et
505 2555 755 2620 benefactorum
776 2563 968 2621 nostrorum.
1014 2555 1083 2619 Illae
1106 2566 1217 2621 autem
1230 2580 1302 2640 quae
1324 2558 1408 2623 cele·

261 2576 448 2706 hrabuntur
463 2642 589 2705 circiter
598 2641 753 2707 Natalem
770 2642 849 2705 Divi
861 2641 1023 2707 Johannis
1037 2648 1136 2707 erunt
1149 2643 1334 2729 specialiter
1348 2666 1409 2729 pro

261 2728 372 2795 anima
386 2726 558 2793 reverendi
572 2727 677 2812 patris
698 2726 823 2791 domini
837 2728 1006 2811 'Hugonis
1031 2728 1221 2793 Exoniensis
1245 2728 1407 2816 Episcopi,

261 2829 434 2897 parentum
451 2817 485 2878 et
507 2812 749 2877 benefactorum
765 2819 846 2898 ejus·
892 2814 938 2877 Et
961 2813 1011 2876 hae
1026 2820 1094 2877 tres
1119 2816 1262 2897 exequiae
1282 2816 1323 2878 ad
1337 2838 1408 2879 mo·

262 2896 341 2962 dum
377 2899 672 2977 anniversariorum
707 2898 967 2963 celebrabuntur.
1007 2900 1150 2977 Quartae
1187 2908 1308 2981 autem,
1334 2923 1407 2984 quae

261 2982 413 3050 videlicet
427 2984 678 3049 celebrabuntur
692 2983 818 3049 circiter
831 2985 950 3048 festum
970 2984 1141 3049 Michaelis
1158 2987 1192 3049 in
1209 2986 1406 3072 Septembri,

261 3079 360 3135 erunt
390 3070 558 3155 generales
587 3090 648 3156 pro
677 3070 851 3135 animabus
878 3071 1023 3135 omnium
1051 3073 1285 3136 benefactorum
1306 3072 1407 3159 hujus

261 3155 404 3241 Collegii
419 3178 457 3221 ae
471 3156 617 3228 omnium
638 3154 786 3221 fidelium
808 3156 1043 3236 defunctorum,
1058 3180 1132 3221 oum
1146 3158 1243 3221 unica
1257 3160 1406 3224 oratione

261 3246 282 3278 “
294 3240 461 3306 Fidelium
477 3242 601 3320 Deus,’'
614 3260 703 3306 more
717 3243 1033 3308 commemorationis
1047 3244 1192 3308 omnium
1208 3244 1406 3309 animarum.

259 3326 353 3404 Quas
367 3328 505 3412 quidem·
512 3335 655 3411 quatuor
669 3328 834 3411 exequias,
849 3335 917 3393 tam
940 3350 979 3392 eo
994 3328 1049 3392 die
1065 3352 1130 3413 quo
1153 3329 1407 3395 celebrabuntur

257 3434 357 3495 quam
380 3414 487 3499 pridie
510 3414 600 3477 illins
623 3413 700 3485 diei,
723 3415 759 3477 in
784 3414 860 3479 aula
881 3415 1045 3478 communi
1059 3415 1163 3501 ipsius
1179 3415 1331 3501 Collegii,
1345 3439 1406 3503 per

258 3497 562 3581 Praesidentemyel
577 3520 617 3563 eo
639 3500 777 3563 absente
790 3499 1108 3585 Vieepraesidentem,
1126 3523 1173 3576 ae,
1193 3511 1334 3585 utroque
1345 3505 1404 3568 ab·

259 3591 363 3659 sente,
374 3583 505 3647 Sosium
513 3584 825 3649 maximeseniorem
835 3593 913 3649 tunc
923 3586 956 3647 in
970 3586 1192 3653 Universitate
1201 3597 1405 3673 presentem,

257 3666 344 3732 inter
358 3667 586 3754 prandendum
600 3669 732 3754 publice
745 3670 889 3734 intimari
904 3678 938 3734 et
951 3670 1084 3757 praedici
1099 3674 1271 3753 volumus3
1293 3676 1405 3758 eisque

256 3754 411 3819 omnibus
426 3753 672 3829 Praesidentem,
687 3756 716 3818 si
741 3756 777 3818 in
802 3755 1030 3822 Universitate
1055 3770 1199 3843 praesens
1212 3762 1266 3841 sit,
1281 3762 1403 3834 Socios,

256 3839 428 3915 scholares,
445 3836 620 3924 discipulos
645 3862 681 3903 ac
707 3840 819 3905 sacelli
831 3841 1009 3923 ministros,
1032 3864 1145 3909 omnes
1159 3854 1193 3909 et
1206 3846 1352 3933 singulos
1366 3848 1402 3911 in

258 3924 482 3991 Universitate
503 3932 581 3991 tuno
593 3934 782 4011 praesentes,
798 3935 917 4012 praeter
931 3938 988 3992 eo‘s
1002 3952 1083 4012 quos
1097 3931 1150 3995 rel
1174 3924 1403 4017 graris'imbe-

254 4008 375 4076 cillitss
387 4012 439 4077 rel
454 4009 556 4076 edicti
577 4012 764 4099 ignorantia
787 4021 931 4089 excuset,
956 4015 992 4079 in
1007 4016 1129 4081 virtute
1150 4019 1332 4104 juramenti
1349 4020 1402 4082 in·
1476 4030 1483 4038 ’

254 4102 387 4162 teresse.
431 4098 627 4180 Exequutor
655 4105 767 4163 autem
793 4100 897 4173 officii,
920 4109 988 4167 tam
1012 4103 1048 4167 in
1070 4104 1217 4186 exequiis
1245 4126 1345 4187 quam
1367 4106 1402 4170 in

254 4180 364 4256 missa,
388 4183 450 4249 erit
478 4182 675 4260 Praesidens,
703 4186 972 4271 Viespraesidens‚
1000 4190 1050 4253 rel
1074 4211 1161 4256 unus
1185 4212 1226 4256 ex
1240 4192 1403 4256 excellen-

254 4266 395 4332 tioribus
419 4269 520 4334 Sociis
543 4277 624 4335 tunc
650 4271 683 4333 in
709 4270 946 4344 Universitate,
960 4295 1021 4358 pro
1046 4276 1182 4341 arbitrio
1200 4278 1325 4342 Decani
1344 4278 1402 4343 illa
1476 4336 1483 4343 .

253 4352 437 4435 septimana
451 4356 520 4420 rice
535 4378 594 4421 sua
606 4355 667 4421 hoc
681 4357 786 4421 officio
800 4356 979 4443 fungentis.
