3000 4700
306 232 440 298 Statutcs
454 235 493 317 os
504 231 621 318 Corpus
641 233 760 298 Christi
778 233 903 321 Colleqe,
922 238 1050 321 Onford.
1207 244 1252 306 45

95 392 172 456 simi
188 394 293 479 Regis
322 395 463 462 Henrici
486 395 637 495 Septimi,
659 398 878 464 serenissimus
906 399 1279 468 dominae·Elizabeth.

94 479 298 544 charissimae
322 483 394 567 ejus
411 482 569 569 conjugis,
595 494 630 548 et
653 484 795 548 dominae
819 486 1020 571 Margaretae
1044 487 1123 552 olim
1140 489 1250 553 Corni-

11 561 13 580 '
95 565 187 628 tissee
203 565 433 658 Richmondiae
447 573 516 653 ejus
531 569 644 632 matris
655 569 879 654 pientissimae,
892 573 1132 659 reverendiqne
1145 575 1251 660 petris

95 649 227 714 domini
251 651 408 738 Hugonis
433 653 577 719 Oldham
604 653 805 718 Exoniensis
827 656 991 744 Episcopi,
1016 681 1052 722 ec
1075 670 1250 744 parentum

96 743 132 799 et
147 736 396 802 benefactorum
420 738 607 819 eorundem,
624 747 658 804 et
671 763 731 826 pro
752 742 926 807 animabus
942 745 1087 808 omnium
1101 745 1249 810 fidelium

96 821 341 894 defunctorum,
357 824 520 910 psalmum
540 824 622 890 “De
637 827 812 912 profundis
829 828 996 892 clamavi’'
1012 852 1086 894 cum
1101 831 1249 894 oratione

98 909 276 972 Dominica
287 909 528 973 resalutatione
539 911 590 974 An
617 912 792 982 elisaeum
801 911 1248 994 hisoratiouibusfllnclina,

98 993 589 1069 Dominc''“FidcliurnDeus,'
610 1007 727 1082 acpost
737 1008 874 1063 mortem
882 1009 1025 1064 nostram
1033 1002 1249 1086 praemittant,

97 1085 117 1114 “
130 1079 226 1144 Deus
240 1081 300 1166 qui
315 1081 404 1144 inter
416 1082 659 1168 Apostolicos‚”
675 1085 732 1148 &c
779 1082 932 1148 Audiant
948 1086 1022 1149 insu
1066 1108 1082 1149 r
1097 1087 1250 1172 praedicti

94 1187 209 1229 omnes
225 1178 260 1229 et
275 1166 403 1251 singuli
439 1167 475 1230 ui
489 1190 554 1231 non
572 1168 694 1233 suerint
710 1169 905 1249 sacerdotes,
922 1171 951 1233 si
970 1171 1004 1234 in
1020 1108 1249 1237 lieniversitate

95 1250 222 1315 fuerint
237 1190 453 1318 accommode
467 1260 635 1338 poterunt,
651 1255 795 1340 singulis
810 1255 928 1320 diebus
940 1279 1040 1321 unam
1055 1256 1199 1333 missam,
1212 1281 1250 1323 nc

95 1337 200 1401 etiam
225 1337 420 1418 sacerdotes,
447 1361 486 1402 eo
510 1339 562 1402 die
586 1361 653 1425 quo
675 1363 740 1405 non
766 1341 1007 1421 celebraverint,
1029 1343 1059 1405 si
1081 1343 1249 1409 commode

6 1467 7 1478 ι
96 1431 257 1508 poterunt
280 1423 414 1487 missam
435 1446 536 1489 unam
560 1424 710 1491 audiant.
771 1427 811 1492 Iu
833 1428 1015 1512 praemissis
1038 1429 1191 1494 omnibus
1215 1439 1249 1494 et

86 1509 255 1596 singulis,
277 1510 356 1595 qnia
371 1510 565 1597 plerumque
588 1511 714 1575 occulta
738 1521 817 1576 sunt
846 1521 881 1577 et
906 1513 1107 1592 abscondita,
1132 1515 1249 1602 singu-

96 1594 205 1659 lorum
235 1596 453 1660 conscientias
477 1595 567 1683 apud
591 1596 806 1662 Altissimum
829 1598 961 1684 gravius
984 1621 1179 1666 oneramus:
1214 1609 1249 1665 et
1296 1631 1303 1640 ··
1338 1622 1341 1626 ·
1398 1627 1403 1640 ·

96 1681 311 1744 nibilominus
326 1680 368 1745 de
391 1681 529 1766 alicujus
552 1702 665 1746 corum
680 1684 803 1770 absque
817 1705 915 1749 cause
937 1684 1078 1750 honesta
1091 1692 1125 1749 et
1146 1687 1247 1751 ratio-

69 1767 205 1841 ¹nubili
238 1767 498 1867 transgressione
528 1768 704 1838 convictus,
733 1791 836 1854 poena
864 1771 1051 1835 absentium
1081 1793 1101 1835 a
1128 1771 1248 1835 divinis

38 1907 41 1914 .
97 1853 213 1916 officiis
237 1851 406 1938 praedrctis
428 1853 604 2001 affligatur.
666 1854 851 1919 Statuimus
874 1865 1045 1941 praeterea,
1064 1866 1103 1920 nt
1125 1858 1249 1942 singuli
1262 1868 1390 1920 Pnaersto

98 1937 283 2003 sacerdotes
309 1939 411 2002 nostri
438 1938 498 2001 Col
512 1939 589 2025 egii,
616 1949 766 2003 cessante
790 1940 983 2004 infirmitate
1008 1942 1167 2026 corporali
1190 1935 1385 2038 sutffissglgssss

98 2024 240 2110 alicujus
263 2025 404 2088 membri
428 2023 471 2087 ad
497 2024 558 2090 hoc
579 2025 732 2112 requisiti
756 2026 973 2103 mutilatione,
988 2025 1124 2110 singulis
1149 2027 1248 2113 septi·
1261 2063 1352 2096 manes

99 2110 205 2174 manis
217 2110 340 2196 quibus
355 2110 391 2173 in
405 2110 631 2176 Universitate
645 2132 705 2196 per
719 2116 878 2196 majorem
893 2120 1020 2195 partem
1036 2110 1249 2176 hebdomadae
1261 2107 1337 2167 dury.

98 2205 279 2281 praesentes
294 2195 427 2269 fuerint,
442 2203 493 2260 ter
507 2195 640 2260 missam
665 2197 699 2260 in
716 2193 860 2281 Collegii
873 2195 1020 2282 eJnsdem
1034 2195 1151 2260 sacello
1165 2196 1250 2262 cele.-

100 2283 206 2347 brent.
254 2281 291 2344 Si
311 2282 388 2369 quis
410 2281 538 2346 veroid
563 2304 627 2346 non
642 2282 822 2345 servaverit
844 2289 879 2346 et
892 2303 991 2368 super
1006 2280 1067 2345 boc
1082 2283 1250 2355 convictus

0 2365 1 2375 ’
98 2368 210 2441 fuerit,
222 2377 364 2455 quatuor
379 2368 507 2434 denarii
520 2369 560 2431 de
575 2374 646 2454 ejus
661 2368 830 2454 pensione,
841 2389 900 2455 pro
912 2368 1062 2455 qualibet
1075 2369 1250 2455 missaper

100 2476 178 2519 enm
200 2454 250 2518 ita
271 2454 403 2534 omissa,
431 2476 489 2539 per
520 2453 759 2518 Praesidentem
789 2463 849 2519 aut
873 2453 1189 2540 Vinepraesidentem
1216 2463 1251 2537 et

100 2562 204 2604 unum
227 2538 399 2604 Decanum
422 2541 669 2611 subtrabuntur,
693 2539 794 2604 etad
821 2539 998 2604 utilitatem
1022 2540 1163 2627 Collegii
1176 2563 1251 2605 con·

100 2633 282 2691 vertantur.
320 2624 378 2689 Ad
394 2624 460 2690 haec
475 2625 646 2713 adjicimus
661 2634 709 2704 ut,
726 2624 868 2711 singulis
882 2623 1064 2690 Dominicis
1073 2634 1108 2689 et
1121 2626 1252 2705 festivis

101 2711 221 2776 diebus
244 2733 459 2798 perannum,
486 2712 520 2773 in
547 2710 664 2774 sacello
685 2712 792 2775 nostri
815 2709 968 2797 Collegii,
990 2720 1067 2797 post
1081 2712 1251 2790 servitium

101 2798 253 2862 divinum
267 2803 345 2861 ante
360 2797 540 2875 meridiem,
551 2819 587 2859 ac
601 2797 702 2859 etiem
760 2805 791 2861 st
805 2805 984 2883 utrumque
993 2797 1251 2883 completorium,

101 2885 135 2947 in
151 2883 260 2947 medio
273 2883 363 2947 ebori
386 2890 476 2947 extra
491 2881 655 2962 subsellia,
673 2904 692 2943 a
707 2818 909 2947 Ippaesideme
924 2883 954 2945 si
975 2882 1008 2945 in
1025 2882 1252 2956 Universitate

102 2990 250 3056 praesens
263 2970 307 3033 sit
327 2990 387 3034 nec
399 2968 548 3054 legitime
570 2968 749 3053 impeditus
767 2977 803 3033 et
826 2968 900 3032 eliis
921 2968 1035 3045 Sociis,
1051 2967 1253 3031 scholaribus

1 3124 2 3127 Ἴ
100 3079 138 3120 ac
154 3055 326 3142 discipulis
349 3054 517 3133 universis,
533 3063 732 3139 praeccntore
770 3074 881 3138 noque
906 3062 942 3118 et
965 3052 1108 3131 sacrista,
1123 3052 1252 3125 dicatur
1264 3050 1416 3109 Prsysrsror

102 3143 138 3206 in
164 3142 332 3206 communi
345 3141 492 3226 psalmus
517 3147 536 3176 “
550 3140 600 3204 De
622 3076 797 3226 profundis
821 3137 988 3212 clamavi,”
1014 3159 1089 3201 cum
1105 3109 1377 3217 orationeifssfffl‘

103 3227 281 3292 Dominica
294 3237 329 3291 et
342 3226 541 3290 salutatione
561 3224 730 3307 Angelica.
770 3224 851 3287 Post
866 3245 953 3308 ques,
969 3221 1056 3287 dicat
1071 3229 1252 3308 exequutor

103 3314 306 3399 subscriptas
326 3312 490 3375 orationes
506 3311 638 3395 “Rege,
654 3308 875 3397 quaesumus''
892 3315 912 3345 “
922 3308 1060 3386 Inclina,
1075 3307 1220 3371 Domine
1228 3308 1251 3385 ‘⁹’

103 3422 179 3463 cum
190 3398 398 3485 expressione
410 3396 549 3460 nominis
562 3395 687 3460 domini
704 3396 737 3459 H
741 3396 862 3481 ugonis
879 3393 1070 3459 Exoniensis
1082 3393 1251 3481 Episcopi,

127 3484 264 3570 raecipui
278 3484 377 3571 hujus
388 3482 531 3568 Collegii
542 3480 764 3552 benefactoris,
777 3488 812 3544 et
828 3486 848 3516 ‘⁶
857 3478 1015 3558 Absolve,
1027 3479 1252 3579 quaesumus.''

136 3564 1252 3657 tpostmortemnostrnm,loco“Rege,quaesumus,‘’d1cat,“Deus‚

104 3657 165 3742 qui
190 3656 276 3719 inter
295 3653 535 3741 Apostolicos.'’
581 3654 712 3727 Quibus
737 3651 833 3717 dictis
862 3659 897 3717 et
919 3651 1071 3739 expletis,
1092 3652 1179 3715 dicat
1198 3673 1254 3715 ex-

103 3764 121 3807 c
146 3749 248 3806 uutor
269 3741 422 3805 “Anima
438 3738 637 3803 Fundatoris
652 3739 759 3803 nostri
775 3737 909 3803 Ricardi
923 3746 958 3802 ct
972 3739 1091 3803 animae
1107 3738 1253 3802 omnium

104 3765 253 3894 fidelium
268 3826 495 3892 defunctorum
509 3846 570 3910 per
593 3823 848 3888 misericordiam
868 3824 935 3888 Dei
958 3823 991 3887 in
1008 3846 1088 3911 pace
1112 3823 1254 3910 requies·

104 3913 213 3979 cant.”
253 3913 360 3990 Quem
375 3911 567 3976 versiculum
578 3920 653 3996 post
661 3909 840 3997 prandium
849 3918 1018 3974 etcoenam
1033 3910 1068 3973 in
1084 3909 1169 3987 aula,
1178 3916 1255 4006 post

5 4025 11 4037 ·
130 4000 288 4064 ratisrum
315 3998 469 4077 actiones,
485 3996 550 4062 dici
574 3996 724 4061 volumus
750 3996 785 4058 in
809 4002 1014 4082 perpetuum.
1059 3994 1108 4057 Et
1131 4015 1189 4079 qur
1211 3992 1254 4063 ab

103 4023 163 4151 illo
177 4086 303 4171 psalmo
319 4092 352 4148 et
365 4083 517 4169 precibus
532 4083 660 4169 absque
676 4102 774 4146 causa
789 4080 980 4144 rationabili
997 4100 1057 4165 per
1071 4077 1254 4143 Praesiden-

104 4180 175 4237 tem
187 4172 236 4236 vel
252 4167 565 4256 Vicepraesideutem
583 4176 639 4232 aut
653 4173 735 4254 ejus,
748 4174 890 4253 utroque
904 4166 1048 4243 absente,
1060 4164 1256 4250 deputatum

104 4257 323 4344 approbanda
345 4254 497 4325 abfuerit,
512 4253 655 4339 singulis
669 4254 796 4317 vicibus
821 4252 970 4317 convictu
993 4250 1093 4314 unius
1109 4249 1178 4314 diei
1191 4248 1255 4335 pri·

103 4354 210 4409 vetur.
258 4343 385 4407 Praeter
400 4340 468 4403 haec
484 4340 634 4404 volur'nus
650 4348 697 4418 ut,
714 4338 851 4423 singulis
874 4336 1028 4401 Sabbatis
1047 4357 1107 4421 per
1121 4356 1254 4417 annuus,
1268 4362 1393 4425 11th

106 4452 143 4496 ac
167 4428 311 4515 singulis
325 4426 451 4513 vigiliis
467 4424 688 4489 festivitatum
713 4424 821 4485 Beatee
850 4421 968 4487 Marisa
999 4420 1154 4507 Virginis,
1181 4421 1418 4507 postthvl'irtlss·
