3000 4700
376 241 482 324 Roycl
495 240 610 304 Patent
625 236 884 322 q‘Fcundation.
1162 241 1210 304 vii

58 403 256 489 justitiarios,
273 411 459 475 cscaetores,
476 402 689 477 vicecomites,
705 423 765 467 seu
790 402 872 467 alios
897 402 1038 469 ballivos
1063 414 1124 470 aut
1145 404 1205 468 mi·

60 490 169 554 nistros
186 499 326 569 nostros,
341 489 396 554 vel
414 487 582 554 haeredum
602 510 660 552 seu
675 510 891 554 successorum
913 500 1098 556 nostrorum
1113 512 1207 578 quoe

59 597 189 662 cunque,
213 578 428 663 impetantur,
448 575 681 663 inquietentur,
707 575 921 640 molestentur
941 576 977 640 in
998 576 1120 661 aliquo,
1144 598 1206 641 scu

57 673 234 748 graventur.
282 664 332 727 Eo
347 661 436 763 quod
458 683 609 747 expressa
633 661 757 726 mentio
779 661 821 725 de
844 684 921 726 vero
945 663 1055 728 valore
1082 685 1204 742 annuc,

58 757 112 812 cut
124 750 162 813 de
177 749 294 836 aliqua
317 751 385 815 aha
399 747 597 814 certitudine
617 748 869 833 premissorum,
885 748 956 814 sive
974 771 1087 814 eorum
1102 749 1205 813 elicu-

54 839 112 920 jus,
128 844 186 899 aut
212 835 256 900 de
271 835 345 902 aliis
361 835 455 900 donis
469 834 538 899 sive
560 833 814 898 concessionibus
828 856 888 920 per
911 857 971 901 nos
985 834 1203 922 autaliquem

76 923 297 1008 ingenitorum
320 931 499 986 nostrorum
524 919 661 1006 praefato
687 919 851 1006 Episcopo
873 929 951 986 ente
964 920 1034 986 baro
1055 931 1205 1008 tempora

56 942 152 1087 lectis,
167 1009 203 1072 in
204 1009 438 1158 dpraesentibus
452 1007 583 1072 minime
597 1006 685 1072 facta
699 1006 833 1083 existit3
855 1017 915 1072 aut
940 1006 1056 1158 aliquo
1067 1016 1205 1082 statuto,

56 1103 135 1174 actu,
165 1117 202 1160 or
242 1096 384 1174 natione,
414 1093 595 1180 provisione
624 1115 682 1158 seu
709 1093 927 1171 restrictione,
953 1093 987 1158 in
1010 1117 1030 1158 c
1058 1094 1094 1156 in
1124 1114 1202 1157 con-

55 1181 186 1244 trarium
202 1180 303 1260 facto,
319 1181 417 1260 edito,
432 1179 585 1244 ordinato
609 1181 674 1244 sive
690 1179 840 1267 provis03
864 1202 928 1244 uon
950 1180 1109 1244 obstante.
1154 1178 1204 1243 Et

54 1265 198 1347 ulterius,
207 1267 253 1350 de
264 1267 410 1348 uberiori
424 1267 535 1354 gratia
546 1277 667 1345 nostra,
677 1265 899 1339 concessimus,
909 1277 944 1331 et
955 1287 1016 1352 per
1026 1274 1205 1352 praesentes

54 1352 267 1434 concedimus,
282 1355 419 1442 praefato
441 1353 610 1439 Episcopo,
626 1351 716 1440 quod
737 1351 844 1417 literae
866 1361 988 1418 nostrae
1001 1361 1153 1438 patentes
1168 1351 1203 1415 in

53 1436 108 1503 bac
121 1451 218 1526 parte
235 1440 452 1518 conficiendae,
466 1439 528 1503 sub
539 1461 656 1525 magno
671 1436 782 1525 sigillo
795 1448 906 1503 nostro
915 1437 1078 1525 sigillatae,
1094 1436 1203 1502 eidem

53 1525 230 1613 Episcopo,
255 1526 480 1594 executoribus
498 1525 553 1590 vel
575 1524 746 1612 assignatis
772 1525 848 1600 suis,
875 1524 929 1589 vel
953 1547 1068 1589 eorum
1091 1524 1204 1601 alicui,

52 1609 236 1678 habeantur
265 1623 299 1677 et
328 1612 557 1684 deliberentur,
582 1613 707 1697 absque
734 1611 798 1674 fine
827 1621 865 1677 et
888 1610 985 1676 feodo
1005 1631 1125 1697 magno
1147 1609 1203 1674 vel

53 1719 157 1782 parvo,
173 1721 238 1763 seu
252 1699 364 1787 aliqua
383 1698 448 1762 alia
462 1721 498 1764 re
513 1698 549 1761 in
567 1696 762 1782 Hanaperio
781 1696 995 1764 cancellaria·
1009 1704 1132 1761 nostrae
1144 1717 1204 1759 scu

53 1783 138 1866 alibi,
153 1785 198 1850 ad
219 1793 309 1872 'opus
333 1794 488 1858 nostrum,
512 1782 683 1863 haeredum
698 1782 753 1847 vel
775 1805 993 1848 successorum
1007 1791 1205 1859 nostrorum,

52 1891 108 1955 pro
131 1871 260 1936 eisdem
275 1894 334 1936 seu
347 1871 463 1959 aliqua
484 1879 581 1958 parte
599 1869 788 1944 earundem,
803 1869 919 1955 quovis
939 1867 1036 1933 modo
1049 1867 1207 1933 solvendo

52 1957 101 2022 vel
124 1958 285 2023 faciendo.
333 1958 372 2020 ln
396 1964 500 2044 cujus,
519 1956 574 2022 &c
619 1955 720 2021 Teste
744 1957 845 2042 Rege,
873 1954 965 2042 apud
978 1953 1207 2020 westmonas-

52 2045 178 2120 terium,
194 2045 240 2109 26
256 2044 310 2110 die
326 2044 549 2122 Novembris,
624 2051 627 2060 '

92 2161 160 2226 Per
174 2163 281 2248 cpsum
296 2160 420 2245 chm,
435 2159 514 2247 etde
529 2158 614 2234 data,
631 2158 683 2239 §a
