3000 4700
311 201 450 270 &mres
463 206 501 286 of
514 201 632 286 'Uorpm
651 201 770 268 Christi
788 199 914 287 Collega,
935 203 1065 286 ngord.
1246 203 1266 268 7

105 363 192 448 regi,
208 363 368 432 martiri
390 374 425 431 et
495 367 634 441 berneri,
650 364 776 432 faciam.
820 364 894 430 Nec
907 386 964 458 ero
978 365 1141 439 factiosus,
1157 367 1264 452 magis

104 447 225 516 favens
240 451 414 538 uniquam
431 454 496 533 aii,
513 463 627 518 contra
642 451 804 538 justitiam
819 459 854 516 et
875 451 1089 516 fraternitatis
1111 474 1263 525 amorem,

106 557 168 600 nec
198 559 315 602 eorum
346 539 443 603 alicui
474 540 663 625 gravamina
692 538 745 602 vel
773 537 938 603 molestias
963 537 1087 624 injuste
1115 539 1262 605 inferam.

106 620 339 688 correctiones
353 646 496 711 quoque,
510 627 697 712 punitiones
708 632 743 688 et
754 623 995 689 reformationes
1006 623 1144 699 debitas,
1155 631 1264 712 justas
1279 625 1403 698 Ismeuon

105 721 139 772 ct
154 711 377 784 rationabiles,
390 712 432 776 de
448 713 696 798 quibuscunque
712 708 850 788 delictis,
863 711 1052 776 criminibus
1066 719 1101 776 et
1122 714 1260 778 excessi·
1278 685 1414 792 mmm

106 795 184 867 bus,
208 797 386 869 Sociorum,
411 797 605 864 scholarium
636 807 695 862 aut
723 795 970 882 discipulorum,
999 797 1079 862 dicti
1107 797 1261 884 Collegii,

105 883 251 966 quoties,
267 884 338 960 ubi,
354 892 389 949 et
416 883 549 971 quando
571 907 654 971 opus
674 882 783 956 fuerit,
798 881 980 948 secundnm
1003 884 1051 949 rei
1065 885 1259 970 qualitatem

106 979 142 1032 et
158 971 392 1055 quantitatem,
416 993 612 1056 omnemque
632 971 709 1042 vim,
729 968 866 1036 formam
888 977 923 1033 et
946 967 1109 1047 effectum,
1124 970 1259 1035 ordina-

9 1065 10 1068 ’
106 1055 238 1119 tionum
248 1064 282 1121 et
291 1064 488 1123 statutorum
542 1055 692 1122 rdictum
711 1055 927 1121 reverendum
942 1062 1073 1142 patrem
1087 1055 1260 1131 editorum,

107 1141 240 1228 absque
265 1143 375 1208 favore
396 1153 455 1208 aut
468 1166 489 1207 ο
514 1145 556 1220 io,
574 1143 744 1209 affectione
760 1142 1067 1227 consanguinitatis,
1082 1142 1261 1216 affinitatis,

107 1235 169 1292 aut
193 1229 261 1292 alia
274 1251 481 1316 quacunque,
496 1228 674 1316 diligenter
694 1236 729 1294 et
747 1229 971 1294 indifferenter
986 1227 1101 1294 faciam
1120 1237 1154 1294 et
1168 1252 1259 1295 exer·

105 1314 201 1393 cebo,
216 1325 251 1380 et
267 1337 307 1380 ea
341 1339 377 1380 er
391 1316 472 1380 alios
488 1317 558 1381 fieri
572 1323 606 1380 et
629 1314 771 1383 exerceri
794 1313 912 1380 faciam
932 1321 967 1378 et
979 1315 1169 1399 procurabo.
1215 1317 1261 1381 Et

105 1400 135 1464 si
151 1338 341 1486 hujusmodi
355 1403 578 1475 correctiones,
593 1402 785 1488 punitiones
804 1407 840 1466 et
854 1401 1108 1474 reformationes,
1125 1409 1164 1466 ut
1178 1423 1261 1489 proe-

105 1485 225 1560 fertur,
242 1485 355 1552 debite
380 1496 415 1553 ct
432 1491 523 1574 juste
545 1487 663 1574 exequi
689 1508 754 1552 non
768 1496 893 1572 potero,
916 1494 1052 1574 propter
1069 1496 1204 1566 metum,
1228 1498 1262 1554 et

105 1575 296 1660 potentiam
317 1596 378 1640 seu
403 1573 650 1640 multitudinem
665 1573 935 1660 delinquentium,
958 1574 1102 1661 ipsorum
1130 1575 1264 1642 nomina

105 1667 143 1724 et
167 1661 376 1748 cognomina,
406 1683 479 1725 cnm
494 1661 655 1747 qualitate
680 1667 716 1724 et
734 1661 920 1746 quantitate
945 1659 1139 1726 delictorum
1154 1671 1191 1726 et
1204 1683 1261 1726 ex·

103 1753 262 1810 ces'suum
284 1747 483 1832 hujusmodi,
499 1769 599 1832 quam
622 1749 685 1810 cito
705 1756 829 1832 potero,
846 1747 935 1812 intra
957 1769 1114 1822 mensem,
1129 1747 1262 1815 domino

105 1831 280 1920 Episcopo
295 1833 520 1900 Wintoni'ensi
533 1837 590 1919 qui
605 1855 665 1919 pro
681 1840 827 1919 tempore
852 1833 960 1905 fuerit,
976 1841 1047 1909 aut,
1062 1835 1135 1921 ipso
1154 1836 1190 1898 in
1212 1858 1263 1901 re·

105 1920 207 1984 motis
231 1929 364 2005 agente,
379 1921 452 2006 ejus
467 1920 597 1984 Vicario
617 1919 653 1983 in
679 1919 906 2004 spiritualibus
922 1919 1080 2003 generali,
1096 1919 1160 1998 vel,
1182 1922 1261 1986 sede

106 2006 333 2072 Wintoniensi
341 2004 884 2091 vacante,Custodispiritualitatis
895 2002 1051 2089 ejusdem,
1061 2004 1262 2072 denuntiabo

106 2100 144 2156 et
159 2093 340 2171 revelab03
362 2101 397 2158 et
411 2113 469 2179 per
483 2115 539 2156 eos
561 2089 748 2177 hujusmodi
768 2090 994 2167 correctiones,
1016 2091 1204 2176 punitiones
1227 2101 1262 2158 et

105 2180 369 2257 reformationes,
381 2182 480 2264 juxta
488 2186 611 2242 statuta
619 2185 653 2243 et
662 2177 877 2242 ordinationes
886 2174 1055 2262 praedicta,
1064 2176 1098 2241 in
1110 2177 1263 2243 omnibus

107 2265 250 2330 solerter
267 2275 302 2330 et
316 2266 467 2330 celeriter
479 2265 549 2329 fieri
562 2264 754 2352 procurabo.
796 2262 894 2340 Item,
956 2263 1140 2329 bernationi
1153 2276 1188 2329 et
1209 2287 1262 2330 re·
1279 2274 1405 2348 Alpinis

107 2354 228 2439 gimini
243 2354 389 2439 omnium
401 2362 571 2427 terrarum,
587 2348 835 2437 possessionum,
846 2349 906 2415 red
930 2350 1035 2415 ituum
1044 2350 1263 2436 spiritualium
1279 2333 1413 2441 mn&

107 2447 142 2503 et
158 2440 400 2525 temporalium,
415 2460 475 2503 nee
489 2461 555 2503 non
570 2436 848 2502 administrationi
868 2438 1026 2501 bonorum
1048 2447 1083 2503 et
1096 2460 1206 2504 rerum
1220 2439 1264 2504 ad
1351 2429 1358 2454 '

106 2526 219 2611 ipsum
234 2526 421 2611 Collegium
436 2526 707 2611 qualitercunque
722 2524 970 2608 pertinentium,
982 2546 1055 2589 cum
1077 2525 1167 2589 omni
1188 2525 1263 2589 dili-

106 2613 224 2697 gentia
237 2621 271 2676 et
284 2611 500 2697 providentia,
517 2609 657 2675 fideliter
680 2616 714 2673 et
729 2608 905 2697 diligenter
920 2609 1105 2683 intendam,
1120 2632 1160 2675 ac
1181 2611 1264 2677 alios

105 2698 259 2783 ejusdam
276 2698 418 2783 Collegii
431 2697 601 2762 officiarios
627 2705 662 2761 et
677 2696 857 2774 ministros,
878 2696 912 2759 in
935 2694 1075 2761 diversis
1094 2697 1205 2762 officiis
1227 2707 1262 2764 et

107 2786 300 2848 ministeriis
315 2784 493 2870 deputatos
502 2791 537 2847 et
546 2780 771 2869 deputandos,
780 2782 846 2847 illis
860 2782 1033 2847 intendere
1041 2782 1158 2848 faciam
1165 2786 1263 2870 juxta

106 2893 216 2957 posse.
265 2870 362 2945 Item,
375 2872 484 2935 omnia
499 2881 533 2935 et
548 2870 680 2955 singula
695 2870 781 2933 bona
795 2877 830 2933 et
842 2868 963 2933 catalla
977 2868 1056 2933 dicti
1071 2870 1213 2957 Collegii
1225 2871 1262 2935 in

105 2958 314 3023 commodum
325 2964 359 3022 et
374 2957 551 3021 utilitatem
564 2954 709 3041 ejusdem
724 2956 891 3020 Sociorum
906 2954 1147 3041 praedictorum,
1161 2966 1261 3041 prout
1306 3014 1311 3021 .

107 3043 289 3108 necessitas
305 3042 437 3108 evidens
451 3042 608 3127 exegerit,
622 3049 657 3107 et
674 3049 801 3107 statuta
816 3051 852 3107 et
872 3039 1094 3105 ordinationes
1109 3042 1261 3127 predicti

106 3130 282 3195 reverendi
297 3130 402 3217 patris
418 3127 619 3194 Fundatoris
632 3129 668 3192 in
688 3128 750 3193 hac
772 3136 866 3214 parte
880 3127 1088 3206 dictaverint,
1104 3126 1260 3191 adminis-

107 3216 206 3282 trabo
226 3216 483 3305 procuraboque,
498 3222 532 3279 et
545 3214 662 3279 faciam
676 3215 802 3279 utiliter
816 3220 852 3279 et
865 3212 1004 3277 fideliter
1018 3210 1204 3298 dispensari
1226 3223 1262 3279 et

106 3303 144 3366 in
167 3304 321 3367 omnibus
343 3301 584 3379 administrari3
607 3310 642 3365 et
656 3323 696 3365 ea
710 3323 783 3387 qua
806 3298 937 3365 residua
950 3298 1074 3362 fuerint
1095 3306 1132 3363 et
1151 3321 1259 3366 excre-

104 3389 215 3454 verint
234 3390 269 3454 in
290 3388 433 3476 quadam
448 3387 531 3453 cista
550 3385 672 3453 adhoc
695 3386 850 3453 ordinata
862 3384 1072 3458 conservabo,
1094 3384 1262 3452 etfaciam

107 3474 153 3541 ad
172 3478 410 3541 incrementum
436 3474 514 3539 dicti
536 3473 676 3559 Collegii
691 3481 727 3537 et
750 3471 954 3539 commodum
977 3470 1120 3538 fideliter
1139 3495 1263 3539 conser-

107 3563 190 3627 vari.
237 3564 333 3659 Item,
359 3560 448 3648 quod
469 3560 545 3625 lites
565 3567 599 3624 et
621 3561 745 3647 placita
769 3568 804 3625 et
824 3561 903 3660 jura
927 3581 1133 3660 quaecuuque
1157 3561 1262 3647 ipsius
1278 3577 1430 3651 nummos

108 3648 262 3735 Collegii,
274 3671 334 3714 nce
357 3670 423 3713 non
446 3648 557 3712 omnia
578 3654 613 3711 et
635 3647 764 3797 sipgula
786 3652 923 3733 negotia
944 3669 1052 3733 ipsum
1072 3648 1261 3735 Collegium
1277 3649 1429 3699 P⁰⁸⁸⁰⁹⁸¹⁰¹¹⁸

106 3736 382 3887 qualitercunque
404 3734 640 3813 concernentia,
681 3736 686 3746 '
706 3733 824 3819 'genter
843 3754 1023 3819 prosequar
1044 3742 1080 3799 et
1098 3756 1159 3820 pro
1174 3733 1263 3799 virili
1277 3697 1413 3817 pgqan-

132 3822 306 3900 efendam;
330 3820 552 3907 possessiones
566 3842 696 3906 quoque
711 3841 748 3883 aa
770 3819 954 3900 libertates,
976 3820 1157 3906 privilegia,
1183 3826 1263 3907 jura

108 3930 315 3995 quaecunque
332 3908 436 3994 ipsius
452 3906 594 3992 Collegii
610 3905 746 3971 viriliter
760 3906 952 3970 sustentabo
971 3914 1006 3969 et
1025 3904 1211 3976 defendam,
1228 3913 1263 3971 et

108 3996 228 4061 faciam
243 3996 286 4060 ab
301 3994 374 4059 aliis
396 3993 574 4058 sustentari
590 4001 624 4058 et
638 3991 791 4072 defendi3
815 3990 876 4055 boc
891 4000 1000 4057 tamen
1015 3992 1155 4077 proviso,
1171 3993 1263 4077 qnod

109 4104 234 4153 emmas,
264 4081 398 4168 placita,
427 4080 502 4143 lites
531 4100 657 4165 graves,
691 4080 725 4142 in
756 4078 878 4163 quibus
907 4076 992 4141 verti
1013 4077 1137 4163 poterit
1158 4078 1263 4166 ipsius

111 4168 255 4254 Collegii
278 4166 497 4233 exhaeredatio
520 4165 573 4230 vel
598 4186 697 4251 grave
723 4163 963 4251 prejudicium,
984 4163 1108 4247 absque
1131 4166 1264 4250 majoris

109 4256 216 4343 partis
242 4262 371 4341 septem
396 4251 586 4337 simpliciter
610 4253 774 4316 seniorum
797 4249 876 4313 dicti
892 4249 1033 4334 Collegii
1050 4251 1106 4333 qui
1126 4258 1205 4315 tunc
1228 4252 1263 4317 in

113 4342 339 4405 Universitate
357 4338 481 4402 Oxonii
493 4338 613 4401 fuerint
627 4338 707 4418 (non
729 4335 972 4399 connumeratis
987 4335 1096 4412 etiam,
1113 4345 1152 4400 nt
1167 4347 1265 4403 antea

107 4429 236 4493 dictum
251 4428 347 4491 estin
359 4425 420 4489 hoc
431 4444 517 4500 casu,
532 4422 737 4503 absentibus)
753 4427 882 4483 maturo
892 4420 1118 4485 etdeliberato
1129 4424 1264 4487 consilio
