<?xml version="1.0" encoding="UTF-8"?>
<!DOCTYPE html PUBLIC "-//W3C//DTD XHTML 1.0 Transitional//EN"
    "http://www.w3.org/TR/xhtml1/DTD/xhtml1-transitional.dtd">
<html xmlns="http://www.w3.org/1999/xhtml" xml:lang="en" lang="en">
 <head>
  <title>
</title>
<meta http-equiv="Content-Type" content="text/html;charset=utf-8" />
  <meta name='ocr-system' content='tesseract 3.04.00' />
  <meta name='ocr-capabilities' content='ocr_page ocr_carea ocr_par ocr_line ocrx_word'/>
</head>
<body>
  <div class='ocr_page' id='page_1' title='image "./statutescollege02oxfogoog_0103.png"; bbox 0 0 3000 4700; ppageno 0'>
   <div class='ocr_carea' id='block_1_1' title="bbox 271 183 1215 275">
    <p class='ocr_par' dir='ltr' id='par_1_1' title="bbox 271 183 1215 275">
     <span class='ocr_line' id='line_1_1' title="bbox 271 183 1215 275; baseline -0.01 -16"><span class='ocrx_word' id='word_1_1' title='bbox 271 193 313 259; x_wconf 82' lang='lat' dir='ltr'>rs</span> <span class='ocrx_word' id='word_1_2' title='bbox 473 193 607 260; x_wconf 64' lang='lat' dir='ltr'>senus</span> <span class='ocrx_word' id='word_1_3' title='bbox 621 193 660 275; x_wconf 76' lang='lat' dir='ltr'>of</span> <span class='ocrx_word' id='word_1_4' title='bbox 673 189 789 274; x_wconf 65' lang='lat' dir='ltr'>eorpus</span> <span class='ocrx_word' id='word_1_5' title='bbox 808 187 924 255; x_wconf 66' lang='lat' dir='ltr'>cuasa</span> <span class='ocrx_word' id='word_1_6' title='bbox 941 183 1068 272; x_wconf 57' lang='lat' dir='ltr'>cusu,</span> <span class='ocrx_word' id='word_1_7' title='bbox 1088 187 1215 274; x_wconf 65' lang='lat' dir='ltr'>ossae</span> 
     </span>
    </p>
   </div>
   <div class='ocr_carea' id='block_1_2' title="bbox 102 349 1425 2501">
    <p class='ocr_par' dir='ltr' id='par_1_2' title="bbox 267 349 1425 440">
     <span class='ocr_line' id='line_1_2' title="bbox 267 349 1425 440; baseline -0.008 -19"><span class='ocrx_word' id='word_1_8' title='bbox 267 356 402 421; x_wconf 88' lang='lat' dir='ltr'>sidentis</span> <span class='ocrx_word' id='word_1_9' title='bbox 424 365 459 420; x_wconf 91' lang='lat' dir='ltr'>et</span> <span class='ocrx_word' id='word_1_10' title='bbox 483 355 557 419; x_wconf 93' lang='lat' dir='ltr'>aliis</span> <span class='ocrx_word' id='word_1_11' title='bbox 584 353 726 440; x_wconf 87' lang='lat' dir='ltr'>Collegii</span> <span class='ocrx_word' id='word_1_12' title='bbox 747 353 890 432; x_wconf 85' lang='lat' dir='ltr'>famulis,</span> <span class='ocrx_word' id='word_1_13' title='bbox 905 353 1036 417; x_wconf 88' lang='lat' dir='ltr'>duobus</span> <span class='ocrx_word' id='word_1_14' title='bbox 1051 351 1203 417; x_wconf 87' lang='lat' dir='ltr'>choristis</span> <span class='ocrx_word' id='word_1_15' title='bbox 1229 373 1266 414; x_wconf 89' lang='lat' dir='ltr'>ac</span> <span class='ocrx_word' id='word_1_16' title='bbox 1290 349 1425 414; x_wconf 90' lang='lat' dir='ltr'>duobus</span> 
     </span>
    </p>

    <p class='ocr_par' dir='ltr' id='par_1_3' title="bbox 266 437 1425 784">
     <span class='ocr_line' id='line_1_3' title="bbox 267 437 1424 538; baseline -0.007 -32"><span class='ocrx_word' id='word_1_17' title='bbox 267 442 378 506; x_wconf 85' lang='lat' dir='ltr'>sacelli</span> <span class='ocrx_word' id='word_1_18' title='bbox 411 442 567 505; x_wconf 76' lang='lat' dir='ltr'>ministris</span> <span class='ocrx_word' id='word_1_19' title='bbox 589 462 653 504; x_wconf 91' lang='lat' dir='ltr'>non</span> <span class='ocrx_word' id='word_1_20' title='bbox 682 439 912 518; x_wconf 89' lang='lat' dir='ltr'>sacerdotibus,</span> <span class='ocrx_word' id='word_1_21' title='bbox 942 441 969 503; x_wconf 90' lang='lat' dir='ltr'>si</span> <span class='ocrx_word' id='word_1_22' title='bbox 998 437 1202 538; x_wconf 83' lang='lat' dir='ltr'>deputentur</span> <span class='ocrx_word' id='word_1_23' title='bbox 1270 460 1288 500; x_wconf 93' lang='lat' dir='ltr'>r</span> <span class='ocrx_word' id='word_1_24' title='bbox 1314 459 1424 501; x_wconf 87' lang='lat' dir='ltr'>senes-</span> 
     </span>
     <span class='ocr_line' id='line_1_4' title="bbox 267 522 1425 610; baseline -0.007 -18"><span class='ocrx_word' id='word_1_25' title='bbox 267 528 397 606; x_wconf 83' lang='lat' dir='ltr'><strong>callum,</strong></span> <span class='ocrx_word' id='word_1_26' title='bbox 422 539 456 593; x_wconf 91' lang='lat' dir='ltr'>et</span> <span class='ocrx_word' id='word_1_27' title='bbox 495 525 605 590; x_wconf 86' lang='lat' dir='ltr'>nando</span> <span class='ocrx_word' id='word_1_28' title='bbox 619 526 678 590; x_wconf 89' lang='lat' dir='ltr'>isti</span> <span class='ocrx_word' id='word_1_29' title='bbox 700 548 763 590; x_wconf 90' lang='lat' dir='ltr'>non</span> <span class='ocrx_word' id='word_1_30' title='bbox 778 526 980 590; x_wconf 88' lang='lat' dir='ltr'>sufficiantur</span> <span class='ocrx_word' id='word_1_31' title='bbox 1001 523 1207 610; x_wconf 79' lang='lat' dir='ltr'>opitulentur</span> <span class='ocrx_word' id='word_1_32' title='bbox 1246 522 1378 608; x_wconf 88' lang='lat' dir='ltr'>iscipuli</span> <span class='ocrx_word' id='word_1_33' title='bbox 1403 544 1425 584; x_wconf 89' lang='lat' dir='ltr'>a</span> 
     </span>
     <span class='ocr_line' id='line_1_5' title="bbox 268 551 1423 710; baseline -0.005 -32"><span class='ocrx_word' id='word_1_34' title='bbox 268 614 451 678; x_wconf 89' lang='lat' dir='ltr'>Senescallo</span> <span class='ocrx_word' id='word_1_35' title='bbox 470 551 511 677; x_wconf 82' lang='lat' dir='ltr'>de</span> <span class='ocrx_word' id='word_1_36' title='bbox 536 612 632 677; x_wconf 90' lang='lat' dir='ltr'>utati.</span> <span class='ocrx_word' id='word_1_37' title='bbox 677 611 843 710; x_wconf 76' lang='lat' dir='ltr'>Discipuli</span> <span class='ocrx_word' id='word_1_38' title='bbox 857 621 891 676; x_wconf 89' lang='lat' dir='ltr'>et</span> <span class='ocrx_word' id='word_1_39' title='bbox 913 611 1056 675; x_wconf 87' lang='lat' dir='ltr'>ministri</span> <span class='ocrx_word' id='word_1_40' title='bbox 1074 609 1195 688; x_wconf 90' lang='lat' dir='ltr'>sacelli,</span> <span class='ocrx_word' id='word_1_41' title='bbox 1219 611 1248 672; x_wconf 92' lang='lat' dir='ltr'>si</span> <span class='ocrx_word' id='word_1_42' title='bbox 1272 631 1339 672; x_wconf 92' lang='lat' dir='ltr'>non</span> <span class='ocrx_word' id='word_1_43' title='bbox 1360 608 1423 672; x_wconf 91' lang='lat' dir='ltr'>de-</span> 
     </span>
     <span class='ocr_line' id='line_1_6' title="bbox 266 637 1425 784; baseline -0.005 -22"><span class='ocrx_word' id='word_1_44' title='bbox 266 701 409 770; x_wconf 83' lang='lat' dir='ltr'>serviant</span> <span class='ocrx_word' id='word_1_45' title='bbox 424 702 457 763; x_wconf 91' lang='lat' dir='ltr'>in</span> <span class='ocrx_word' id='word_1_46' title='bbox 473 637 559 776; x_wconf 83' lang='lat' dir='ltr'>aula,</span> <span class='ocrx_word' id='word_1_47' title='bbox 576 697 640 761; x_wconf 90' lang='lat' dir='ltr'>sibi</span> <span class='ocrx_word' id='word_1_48' title='bbox 654 697 735 784; x_wconf 83' lang='lat' dir='ltr'>ipsis</span> <span class='ocrx_word' id='word_1_49' title='bbox 749 697 888 761; x_wconf 76' lang='lat' dir='ltr'>Vicissim</span> <span class='ocrx_word' id='word_1_50' title='bbox 902 698 1053 774; x_wconf 87' lang='lat' dir='ltr'>serviant,</span> <span class='ocrx_word' id='word_1_51' title='bbox 1070 695 1210 782; x_wconf 87' lang='lat' dir='ltr'>singulis</span> <span class='ocrx_word' id='word_1_52' title='bbox 1225 695 1425 780; x_wconf 88' lang='lat' dir='ltr'>septimanis</span> 
     </span>
    </p>

    <p class='ocr_par' dir='ltr' id='par_1_4' title="bbox 266 781 1423 869">
     <span class='ocr_line' id='line_1_7' title="bbox 266 781 1423 869; baseline -0.005 -21"><span class='ocrx_word' id='word_1_53' title='bbox 266 786 346 849; x_wconf 91' lang='lat' dir='ltr'>bini.</span> <span class='ocrx_word' id='word_1_54' title='bbox 377 786 585 849; x_wconf 85' lang='lat' dir='ltr'>Auferantur</span> <span class='ocrx_word' id='word_1_55' title='bbox 600 784 722 869; x_wconf 85' lang='lat' dir='ltr'>patinae</span> <span class='ocrx_word' id='word_1_56' title='bbox 736 793 770 848; x_wconf 90' lang='lat' dir='ltr'>et</span> <span class='ocrx_word' id='word_1_57' title='bbox 782 805 907 868; x_wconf 89' lang='lat' dir='ltr'>mappae</span> <span class='ocrx_word' id='word_1_58' title='bbox 959 782 1223 847; x_wconf 89' lang='lat' dir='ltr'>rObsonatorem</span> <span class='ocrx_word' id='word_1_59' title='bbox 1233 781 1286 845; x_wconf 90' lang='lat' dir='ltr'>vel</span> <span class='ocrx_word' id='word_1_60' title='bbox 1301 781 1423 857; x_wconf 90' lang='lat' dir='ltr'>alium,</span> 
     </span>
    </p>

    <p class='ocr_par' dir='ltr' id='par_1_5' title="bbox 262 804 1424 1039">
     <span class='ocr_line' id='line_1_8' title="bbox 262 804 1424 957; baseline -0.005 -23"><span class='ocrx_word' id='word_1_61' title='bbox 262 874 398 957; x_wconf 89' lang='lat' dir='ltr'>jubente</span> <span class='ocrx_word' id='word_1_62' title='bbox 415 869 610 934; x_wconf 87' lang='lat' dir='ltr'>Praesidente</span> <span class='ocrx_word' id='word_1_63' title='bbox 625 870 679 933; x_wconf 90' lang='lat' dir='ltr'>vel</span> <span class='ocrx_word' id='word_1_64' title='bbox 693 892 731 933; x_wconf 91' lang='lat' dir='ltr'>eo</span> <span class='ocrx_word' id='word_1_65' title='bbox 743 871 879 933; x_wconf 87' lang='lat' dir='ltr'>absente</span> <span class='ocrx_word' id='word_1_66' title='bbox 892 804 1179 953; x_wconf 57' lang='lat' dir='ltr'>tidepraesidente,</span> <span class='ocrx_word' id='word_1_67' title='bbox 1196 867 1260 944; x_wconf 92' lang='lat' dir='ltr'>vel,</span> <span class='ocrx_word' id='word_1_68' title='bbox 1274 879 1424 950; x_wconf 89' lang='lat' dir='ltr'>utroque</span> 
     </span>
     <span class='ocr_line' id='line_1_9' title="bbox 265 951 1423 1039; baseline -0.005 -19"><span class='ocrx_word' id='word_1_69' title='bbox 265 958 410 1028; x_wconf 84' lang='lat' dir='ltr'>absente,</span> <span class='ocrx_word' id='word_1_70' title='bbox 434 957 526 1020; x_wconf 81' lang='lat' dir='ltr'>socio</span> <span class='ocrx_word' id='word_1_71' title='bbox 551 955 692 1018; x_wconf 85' lang='lat' dir='ltr'>maxime</span> <span class='ocrx_word' id='word_1_72' title='bbox 717 955 841 1020; x_wconf 89' lang='lat' dir='ltr'>seniore</span> <span class='ocrx_word' id='word_1_73' title='bbox 867 953 991 1018; x_wconf 86' lang='lat' dir='ltr'>ibidem</span> <span class='ocrx_word' id='word_1_74' title='bbox 1013 963 1182 1039; x_wconf 76' lang='lat' dir='ltr'>prasente.</span> <span class='ocrx_word' id='word_1_75' title='bbox 1228 951 1279 1016; x_wconf 91' lang='lat' dir='ltr'>Ut</span> <span class='ocrx_word' id='word_1_76' title='bbox 1303 963 1423 1016; x_wconf 88' lang='lat' dir='ltr'>autem</span> 
     </span>
    </p>

    <p class='ocr_par' dir='ltr' id='par_1_6' title="bbox 103 1032 1423 1468">
     <span class='ocr_line' id='line_1_10' title="bbox 105 1032 1421 1129; baseline -0.008 -17"><span class='ocrx_word' id='word_1_77' title='bbox 105 1040 211 1112; x_wconf 54' lang='lat' dir='ltr'>*itm</span> <span class='ocrx_word' id='word_1_78' title='bbox 266 1042 385 1129; x_wconf 92' lang='lat' dir='ltr'>aliquis</span> <span class='ocrx_word' id='word_1_79' title='bbox 403 1043 507 1106; x_wconf 86' lang='lat' dir='ltr'>nostri</span> <span class='ocrx_word' id='word_1_80' title='bbox 522 1032 673 1125; x_wconf 90' lang='lat' dir='ltr'>Collegii,</span> <span class='ocrx_word' id='word_1_81' title='bbox 701 1041 801 1104; x_wconf 89' lang='lat' dir='ltr'>etiam</span> <span class='ocrx_word' id='word_1_82' title='bbox 826 1041 1009 1118; x_wconf 84' lang='lat' dir='ltr'>officiarius,</span> <span class='ocrx_word' id='word_1_83' title='bbox 1028 1050 1147 1126; x_wconf 81' lang='lat' dir='ltr'>practer</span> <span class='ocrx_word' id='word_1_84' title='bbox 1173 1038 1421 1113; x_wconf 85' lang='lat' dir='ltr'>Praesidentem,</span> 
     </span>
     <span class='ocr_line' id='line_1_11' title="bbox 103 1099 1422 1212; baseline -0.005 -19"><span class='ocrx_word' id='word_1_85' title='bbox 103 1099 229 1205; x_wconf 57' lang='lat' dir='ltr'>iffi„</span> <span class='ocrx_word' id='word_1_86' title='bbox 265 1130 466 1193; x_wconf 86' lang='lat' dir='ltr'>communias</span> <span class='ocrx_word' id='word_1_87' title='bbox 481 1149 558 1192; x_wconf 91' lang='lat' dir='ltr'>suas</span> <span class='ocrx_word' id='word_1_88' title='bbox 580 1127 632 1189; x_wconf 90' lang='lat' dir='ltr'>vel</span> <span class='ocrx_word' id='word_1_89' title='bbox 657 1127 830 1212; x_wconf 85' lang='lat' dir='ltr'>quidpiam</span> <span class='ocrx_word' id='word_1_90' title='bbox 854 1147 967 1189; x_wconf 92' lang='lat' dir='ltr'>eorum</span> <span class='ocrx_word' id='word_1_91' title='bbox 991 1125 1060 1188; x_wconf 91' lang='lat' dir='ltr'>loco</span> <span class='ocrx_word' id='word_1_92' title='bbox 1083 1135 1176 1190; x_wconf 89' lang='lat' dir='ltr'>extra</span> <span class='ocrx_word' id='word_1_93' title='bbox 1202 1124 1312 1188; x_wconf 89' lang='lat' dir='ltr'>aulam</span> <span class='ocrx_word' id='word_1_94' title='bbox 1340 1123 1422 1187; x_wconf 87' lang='lat' dir='ltr'>Col-</span> 
     </span>
     <span class='ocr_line' id='line_1_12' title="bbox 103 1209 1423 1319; baseline -0.003 -42"><span class='ocrx_word' id='word_1_95' title='bbox 103 1217 233 1319; x_wconf 58' lang='lat' dir='ltr'>‘ffwsthe</span> <span class='ocrx_word' id='word_1_96' title='bbox 265 1215 344 1300; x_wconf 88' lang='lat' dir='ltr'>legii</span> <span class='ocrx_word' id='word_1_97' title='bbox 367 1215 410 1278; x_wconf 91' lang='lat' dir='ltr'>ad</span> <span class='ocrx_word' id='word_1_98' title='bbox 431 1216 594 1299; x_wconf 83' lang='lat' dir='ltr'>impensas</span> <span class='ocrx_word' id='word_1_99' title='bbox 608 1212 753 1298; x_wconf 88' lang='lat' dir='ltr'>ejusdem</span> <span class='ocrx_word' id='word_1_100' title='bbox 771 1212 873 1275; x_wconf 88' lang='lat' dir='ltr'>sciens</span> <span class='ocrx_word' id='word_1_101' title='bbox 889 1220 924 1276; x_wconf 91' lang='lat' dir='ltr'>et</span> <span class='ocrx_word' id='word_1_102' title='bbox 937 1209 1082 1296; x_wconf 88' lang='lat' dir='ltr'>prudens</span> <span class='ocrx_word' id='word_1_103' title='bbox 1103 1209 1263 1288; x_wconf 88' lang='lat' dir='ltr'>comedat,</span> <span class='ocrx_word' id='word_1_104' title='bbox 1281 1210 1423 1293; x_wconf 88' lang='lat' dir='ltr'>recipiat</span> 
     </span>
     <span class='ocr_line' id='line_1_13' title="bbox 130 1276 1422 1382; baseline -0.002 -19"><span class='ocrx_word' id='word_1_105' title='bbox 130 1276 171 1324; x_wconf 77' lang='lat'><strong>⁸¹¹·</strong></span> <span class='ocrx_word' id='word_1_106' title='bbox 265 1310 324 1363; x_wconf 91' lang='lat' dir='ltr'>aut</span> <span class='ocrx_word' id='word_1_107' title='bbox 336 1300 466 1377; x_wconf 88' lang='lat' dir='ltr'>habeat,</span> <span class='ocrx_word' id='word_1_108' title='bbox 481 1300 543 1362; x_wconf 91' lang='lat' dir='ltr'>nisi</span> <span class='ocrx_word' id='word_1_109' title='bbox 558 1321 599 1361; x_wconf 90' lang='lat' dir='ltr'>ex</span> <span class='ocrx_word' id='word_1_110' title='bbox 615 1320 713 1361; x_wconf 90' lang='lat' dir='ltr'>causa</span> <span class='ocrx_word' id='word_1_111' title='bbox 730 1297 906 1361; x_wconf 91' lang='lat' dir='ltr'>admodum</span> <span class='ocrx_word' id='word_1_112' title='bbox 922 1295 1121 1374; x_wconf 85' lang='lat' dir='ltr'>rationabili,</span> <span class='ocrx_word' id='word_1_113' title='bbox 1144 1307 1177 1360; x_wconf 88' lang='lat' dir='ltr'>et</span> <span class='ocrx_word' id='word_1_114' title='bbox 1197 1319 1236 1360; x_wconf 91' lang='lat' dir='ltr'>ea</span> <span class='ocrx_word' id='word_1_115' title='bbox 1250 1319 1311 1382; x_wconf 83' lang='lat' dir='ltr'>per</span> <span class='ocrx_word' id='word_1_116' title='bbox 1329 1297 1422 1360; x_wconf 88' lang='lat' dir='ltr'>Prae-</span> 
     </span>
     <span class='ocr_line' id='line_1_14' title="bbox 264 1381 1422 1468; baseline -0.002 -20"><span class='ocrx_word' id='word_1_117' title='bbox 264 1385 425 1449; x_wconf 90' lang='lat' dir='ltr'>sidentem</span> <span class='ocrx_word' id='word_1_118' title='bbox 441 1386 494 1447; x_wconf 89' lang='lat' dir='ltr'>vel</span> <span class='ocrx_word' id='word_1_119' title='bbox 507 1407 545 1448; x_wconf 93' lang='lat' dir='ltr'>eo</span> <span class='ocrx_word' id='word_1_120' title='bbox 567 1386 701 1448; x_wconf 88' lang='lat' dir='ltr'>absente</span> <span class='ocrx_word' id='word_1_121' title='bbox 717 1381 1034 1468; x_wconf 81' lang='lat' dir='ltr'>Vicepraesidentem,</span> <span class='ocrx_word' id='word_1_122' title='bbox 1051 1393 1111 1446; x_wconf 91' lang='lat' dir='ltr'>aut</span> <span class='ocrx_word' id='word_1_123' title='bbox 1126 1393 1267 1468; x_wconf 87' lang='lat' dir='ltr'>utroque</span> <span class='ocrx_word' id='word_1_124' title='bbox 1279 1384 1422 1447; x_wconf 87' lang='lat' dir='ltr'>absente</span> 
     </span>
    </p>

    <p class='ocr_par' dir='ltr' id='par_1_7' title="bbox 265 1468 1420 1640">
     <span class='ocr_line' id='line_1_15' title="bbox 265 1468 1420 1555; baseline -0.003 -19"><span class='ocrx_word' id='word_1_125' title='bbox 265 1471 394 1536; x_wconf 88' lang='lat' dir='ltr'>Socium</span> <span class='ocrx_word' id='word_1_126' title='bbox 406 1471 548 1535; x_wconf 86' lang='lat' dir='ltr'>maxime</span> <span class='ocrx_word' id='word_1_127' title='bbox 558 1470 717 1533; x_wconf 88' lang='lat' dir='ltr'>seniorem</span> <span class='ocrx_word' id='word_1_128' title='bbox 730 1479 808 1532; x_wconf 91' lang='lat' dir='ltr'>tunc</span> <span class='ocrx_word' id='word_1_129' title='bbox 820 1471 854 1532; x_wconf 92' lang='lat' dir='ltr'>in</span> <span class='ocrx_word' id='word_1_130' title='bbox 863 1468 1088 1534; x_wconf 89' lang='lat' dir='ltr'>Universitate</span> <span class='ocrx_word' id='word_1_131' title='bbox 1100 1477 1301 1555; x_wconf 79' lang='lat' dir='ltr'>praesentem,</span> <span class='ocrx_word' id='word_1_132' title='bbox 1313 1491 1420 1532; x_wconf 93' lang='lat' dir='ltr'>unum</span> 
     </span>
     <span class='ocr_line' id='line_1_16' title="bbox 266 1553 1419 1640; baseline -0.001 -22"><span class='ocrx_word' id='word_1_133' title='bbox 266 1556 435 1620; x_wconf 89' lang='lat' dir='ltr'>Decanum</span> <span class='ocrx_word' id='word_1_134' title='bbox 452 1566 486 1619; x_wconf 90' lang='lat' dir='ltr'>et</span> <span class='ocrx_word' id='word_1_135' title='bbox 496 1578 600 1619; x_wconf 92' lang='lat' dir='ltr'>unum</span> <span class='ocrx_word' id='word_1_136' title='bbox 611 1555 889 1639; x_wconf 86' lang='lat' dir='ltr'>Dispensatorem,</span> <span class='ocrx_word' id='word_1_137' title='bbox 902 1555 1056 1639; x_wconf 87' lang='lat' dir='ltr'>primitus</span> <span class='ocrx_word' id='word_1_138' title='bbox 1072 1553 1296 1640; x_wconf 85' lang='lat' dir='ltr'>approbanda,</span> <span class='ocrx_word' id='word_1_139' title='bbox 1311 1555 1419 1618; x_wconf 90' lang='lat' dir='ltr'>omui·</span> 
     </span>
    </p>

    <p class='ocr_par' dir='ltr' id='par_1_8' title="bbox 265 1639 1418 1728">
     <span class='ocr_line' id='line_1_17' title="bbox 265 1639 1418 1728; baseline 0.001 -23"><span class='ocrx_word' id='word_1_140' title='bbox 265 1642 329 1705; x_wconf 91' lang='lat' dir='ltr'>bus</span> <span class='ocrx_word' id='word_1_141' title='bbox 343 1653 378 1706; x_wconf 92' lang='lat' dir='ltr'>et</span> <span class='ocrx_word' id='word_1_142' title='bbox 391 1642 529 1728; x_wconf 89' lang='lat' dir='ltr'>singulis</span> <span class='ocrx_word' id='word_1_143' title='bbox 543 1640 645 1704; x_wconf 85' lang='lat' dir='ltr'>nostri</span> <span class='ocrx_word' id='word_1_144' title='bbox 660 1640 798 1725; x_wconf 81' lang='lat' dir='ltr'>Collegii</span> <span class='ocrx_word' id='word_1_145' title='bbox 811 1640 846 1703; x_wconf 93' lang='lat' dir='ltr'>in</span> <span class='ocrx_word' id='word_1_146' title='bbox 863 1641 990 1704; x_wconf 91' lang='lat' dir='ltr'>virtute</span> <span class='ocrx_word' id='word_1_147' title='bbox 1000 1639 1418 1725; x_wconf 89' lang='lat' dir='ltr'>juramen-tiprohibemus.</span> 
     </span>
    </p>

    <p class='ocr_par' dir='ltr' id='par_1_9' title="bbox 266 1725 1418 1812">
     <span class='ocr_line' id='line_1_18' title="bbox 266 1725 1418 1812; baseline 0 -22"><span class='ocrx_word' id='word_1_148' title='bbox 266 1728 343 1793; x_wconf 91' lang='lat' dir='ltr'>Nou</span> <span class='ocrx_word' id='word_1_149' title='bbox 360 1737 469 1791; x_wconf 91' lang='lat' dir='ltr'>tamen</span> <span class='ocrx_word' id='word_1_150' title='bbox 483 1726 695 1812; x_wconf 90' lang='lat' dir='ltr'>prohibemus</span> <span class='ocrx_word' id='word_1_151' title='bbox 718 1727 799 1808; x_wconf 93' lang='lat' dir='ltr'>quin</span> <span class='ocrx_word' id='word_1_152' title='bbox 823 1725 991 1790; x_wconf 87' lang='lat' dir='ltr'>interdum</span> <span class='ocrx_word' id='word_1_153' title='bbox 1014 1725 1056 1789; x_wconf 90' lang='lat' dir='ltr'>ad</span> <span class='ocrx_word' id='word_1_154' title='bbox 1071 1746 1183 1790; x_wconf 91' lang='lat' dir='ltr'>omnes</span> <span class='ocrx_word' id='word_1_155' title='bbox 1204 1725 1264 1789; x_wconf 89' lang='lat' dir='ltr'>has</span> <span class='ocrx_word' id='word_1_156' title='bbox 1286 1749 1418 1790; x_wconf 85' lang='lat' dir='ltr'>mensas</span> 
     </span>
    </p>

    <p class='ocr_par' dir='ltr' id='par_1_10' title="bbox 102 1811 1419 2156">
     <span class='ocr_line' id='line_1_19' title="bbox 102 1811 1417 1898; baseline -0.001 -21"><span class='ocrx_word' id='word_1_157' title='bbox 102 1824 159 1870; x_wconf 75' lang='lat' dir='ltr'>scra</span> <span class='ocrx_word' id='word_1_158' title='bbox 207 1837 232 1870; x_wconf 84' lang='lat' dir='ltr'>rs</span> <span class='ocrx_word' id='word_1_159' title='bbox 265 1814 390 1898; x_wconf 89' lang='lat' dir='ltr'>possint</span> <span class='ocrx_word' id='word_1_160' title='bbox 405 1816 515 1876; x_wconf 86' lang='lat' dir='ltr'>sedere</span> <span class='ocrx_word' id='word_1_161' title='bbox 528 1811 686 1888; x_wconf 85' lang='lat' dir='ltr'>extranei,</span> <span class='ocrx_word' id='word_1_162' title='bbox 707 1834 765 1897; x_wconf 87' lang='lat' dir='ltr'>per</span> <span class='ocrx_word' id='word_1_163' title='bbox 780 1834 814 1874; x_wconf 90' lang='lat' dir='ltr'>se</span> <span class='ocrx_word' id='word_1_164' title='bbox 829 1822 887 1875; x_wconf 91' lang='lat' dir='ltr'>aut</span> <span class='ocrx_word' id='word_1_165' title='bbox 913 1834 987 1875; x_wconf 92' lang='lat' dir='ltr'>cum</span> <span class='ocrx_word' id='word_1_166' title='bbox 1012 1811 1087 1875; x_wconf 90' lang='lat' dir='ltr'>aliis</span> <span class='ocrx_word' id='word_1_167' title='bbox 1102 1811 1210 1890; x_wconf 85' lang='lat' dir='ltr'>mixti,</span> <span class='ocrx_word' id='word_1_168' title='bbox 1234 1812 1417 1876; x_wconf 88' lang='lat' dir='ltr'>secundum</span> 
     </span>
     <span class='ocr_line' id='line_1_20' title="bbox 103 1884 1418 1984; baseline 0.002 -22"><span class='ocrx_word' id='word_1_169' title='bbox 103 1884 215 1930; x_wconf 53' lang='grc' dir='ltr'>ΜΘ·</span> <span class='ocrx_word' id='word_1_170' title='bbox 265 1899 493 1963; x_wconf 85' lang='lat' dir='ltr'>discretionem</span> <span class='ocrx_word' id='word_1_171' title='bbox 510 1897 720 1963; x_wconf 86' lang='lat' dir='ltr'>Praesidentis</span> <span class='ocrx_word' id='word_1_172' title='bbox 742 1907 802 1960; x_wconf 92' lang='lat' dir='ltr'>aut</span> <span class='ocrx_word' id='word_1_173' title='bbox 828 1918 866 1960; x_wconf 88' lang='lat' dir='ltr'>eo</span> <span class='ocrx_word' id='word_1_174' title='bbox 888 1897 1022 1961; x_wconf 88' lang='lat' dir='ltr'>absente</span> <span class='ocrx_word' id='word_1_175' title='bbox 1042 1897 1337 1984; x_wconf 76' lang='lat' dir='ltr'>VicepraesidentiS,</span> <span class='ocrx_word' id='word_1_176' title='bbox 1355 1910 1418 1964; x_wconf 91' lang='lat' dir='ltr'>aut</span> 
     </span>
     <span class='ocr_line' id='line_1_21' title="bbox 265 1983 1419 2069; baseline 0 -21"><span class='ocrx_word' id='word_1_177' title='bbox 265 1986 423 2049; x_wconf 89' lang='lat' dir='ltr'>ambobus</span> <span class='ocrx_word' id='word_1_178' title='bbox 452 1983 505 2047; x_wconf 90' lang='lat' dir='ltr'>his</span> <span class='ocrx_word' id='word_1_179' title='bbox 518 1983 709 2048; x_wconf 88' lang='lat' dir='ltr'>absentibus</span> <span class='ocrx_word' id='word_1_180' title='bbox 724 1983 808 2046; x_wconf 86' lang='lat' dir='ltr'>Socii</span> <span class='ocrx_word' id='word_1_181' title='bbox 822 1983 964 2046; x_wconf 85' lang='lat' dir='ltr'>maxime</span> <span class='ocrx_word' id='word_1_182' title='bbox 979 1983 1123 2056; x_wconf 86' lang='lat' dir='ltr'>senioris,</span> <span class='ocrx_word' id='word_1_183' title='bbox 1140 1984 1239 2047; x_wconf 88' lang='lat' dir='ltr'>unius</span> <span class='ocrx_word' id='word_1_184' title='bbox 1253 1995 1419 2069; x_wconf 82' lang='lat' dir='ltr'>praeterea</span> 
     </span>
     <span class='ocr_line' id='line_1_22' title="bbox 266 2068 1419 2156; baseline 0.001 -22"><span class='ocrx_word' id='word_1_185' title='bbox 266 2071 512 2156; x_wconf 86' lang='lat' dir='ltr'>Dispensatoris</span> <span class='ocrx_word' id='word_1_186' title='bbox 528 2082 562 2134; x_wconf 90' lang='lat' dir='ltr'>et</span> <span class='ocrx_word' id='word_1_187' title='bbox 576 2068 764 2148; x_wconf 87' lang='lat' dir='ltr'>Senescalli,</span> <span class='ocrx_word' id='word_1_188' title='bbox 776 2077 809 2132; x_wconf 91' lang='lat' dir='ltr'>et</span> <span class='ocrx_word' id='word_1_189' title='bbox 821 2068 998 2132; x_wconf 87' lang='lat' dir='ltr'>secundum</span> <span class='ocrx_word' id='word_1_190' title='bbox 1014 2069 1147 2132; x_wconf 88' lang='lat' dir='ltr'>formam</span> <span class='ocrx_word' id='word_1_191' title='bbox 1163 2070 1197 2132; x_wconf 94' lang='lat' dir='ltr'>in</span> <span class='ocrx_word' id='word_1_192' title='bbox 1215 2069 1287 2132; x_wconf 86' lang='lat' dir='ltr'>aliis</span> <span class='ocrx_word' id='word_1_193' title='bbox 1297 2073 1419 2135; x_wconf 90' lang='lat' dir='ltr'>nostris</span> 
     </span>
    </p>

    <p class='ocr_par' dir='ltr' id='par_1_11' title="bbox 264 2155 1416 2243">
     <span class='ocr_line' id='line_1_23' title="bbox 264 2155 1416 2243; baseline 0.002 -23"><span class='ocrx_word' id='word_1_194' title='bbox 264 2159 401 2222; x_wconf 91' lang='lat' dir='ltr'>statutis</span> <span class='ocrx_word' id='word_1_195' title='bbox 431 2158 640 2243; x_wconf 84' lang='lat' dir='ltr'>descriptam:</span> <span class='ocrx_word' id='word_1_196' title='bbox 669 2164 825 2240; x_wconf 91' lang='lat' dir='ltr'>poterunt</span> <span class='ocrx_word' id='word_1_197' title='bbox 851 2155 951 2218; x_wconf 88' lang='lat' dir='ltr'>etiam</span> <span class='ocrx_word' id='word_1_198' title='bbox 980 2155 1037 2218; x_wconf 89' lang='lat' dir='ltr'>alii</span> <span class='ocrx_word' id='word_1_199' title='bbox 1059 2155 1238 2235; x_wconf 61' lang='lat' dir='ltr'>inferiores</span> <span class='ocrx_word' id='word_1_200' title='bbox 1262 2157 1416 2240; x_wconf 86' lang='lat' dir='ltr'>ejusdem</span> 
     </span>
    </p>

    <p class='ocr_par' dir='ltr' id='par_1_12' title="bbox 264 2240 1421 2413">
     <span class='ocr_line' id='line_1_24' title="bbox 264 2240 1421 2327; baseline -0.001 -20"><span class='ocrx_word' id='word_1_201' title='bbox 264 2253 374 2307; x_wconf 90' lang='lat' dir='ltr'>tamen</span> <span class='ocrx_word' id='word_1_202' title='bbox 388 2242 520 2319; x_wconf 88' lang='lat' dir='ltr'>ordinis,</span> <span class='ocrx_word' id='word_1_203' title='bbox 537 2263 598 2327; x_wconf 91' lang='lat' dir='ltr'>per</span> <span class='ocrx_word' id='word_1_204' title='bbox 608 2262 610 2265; x_wconf 85' lang='lat'>·</span> <span class='ocrx_word' id='word_1_205' title='bbox 621 2240 839 2304; x_wconf 77' lang='lat' dir='ltr'>senescallum</span> <span class='ocrx_word' id='word_1_206' title='bbox 860 2241 968 2304; x_wconf 89' lang='lat' dir='ltr'>vocari</span> <span class='ocrx_word' id='word_1_207' title='bbox 988 2241 1031 2304; x_wconf 87' lang='lat' dir='ltr'>ad</span> <span class='ocrx_word' id='word_1_208' title='bbox 1047 2241 1194 2325; x_wconf 87' lang='lat' dir='ltr'>aliquam</span> <span class='ocrx_word' id='word_1_209' title='bbox 1209 2243 1421 2327; x_wconf 41' lang='lat' dir='ltr'>superiorem,</span> 
     </span>
     <span class='ocr_line' id='line_1_25' title="bbox 264 2324 1416 2413; baseline 0.001 -20"><span class='ocrx_word' id='word_1_210' title='bbox 264 2352 418 2404; x_wconf 88' lang='lat' dir='ltr'>mensam,</span> <span class='ocrx_word' id='word_1_211' title='bbox 430 2327 473 2392; x_wconf 90' lang='lat' dir='ltr'>ad</span> <span class='ocrx_word' id='word_1_212' title='bbox 482 2324 704 2413; x_wconf 88' lang='lat' dir='ltr'>supplendum</span> <span class='ocrx_word' id='word_1_213' title='bbox 719 2325 835 2391; x_wconf 86' lang='lat' dir='ltr'>ferculi</span> <span class='ocrx_word' id='word_1_214' title='bbox 847 2348 1028 2391; x_wconf 90' lang='lat' dir='ltr'>numerum.</span> <span class='ocrx_word' id='word_1_215' title='bbox 1065 2327 1137 2390; x_wconf 92' lang='lat' dir='ltr'>Nec</span> <span class='ocrx_word' id='word_1_216' title='bbox 1152 2327 1250 2393; x_wconf 87' lang='lat' dir='ltr'>liceat</span> <span class='ocrx_word' id='word_1_217' title='bbox 1261 2329 1416 2411; x_wconf 91' lang='lat' dir='ltr'>cuiquam</span> 
     </span>
    </p>

    <p class='ocr_par' dir='ltr' id='par_1_13' title="bbox 104 2410 1415 2501">
     <span class='ocr_line' id='line_1_26' title="bbox 104 2410 1415 2501; baseline 0.008 -31"><span class='ocrx_word' id='word_1_218' title='bbox 104 2424 246 2471; x_wconf 69' lang='lat' dir='ltr'>Adminion</span> <span class='ocrx_word' id='word_1_219' title='bbox 265 2416 299 2477; x_wconf 91' lang='lat' dir='ltr'>in</span> <span class='ocrx_word' id='word_1_220' title='bbox 324 2412 393 2477; x_wconf 91' lang='lat' dir='ltr'>redi</span> <span class='ocrx_word' id='word_1_221' title='bbox 407 2414 572 2499; x_wconf 83' lang='lat' dir='ltr'>poterium</span> <span class='ocrx_word' id='word_1_222' title='bbox 588 2423 648 2477; x_wconf 90' lang='lat' dir='ltr'>aut</span> <span class='ocrx_word' id='word_1_223' title='bbox 665 2410 841 2496; x_wconf 89' lang='lat' dir='ltr'>panarium</span> <span class='ocrx_word' id='word_1_224' title='bbox 853 2422 971 2497; x_wconf 85' lang='lat' dir='ltr'>praeter</span> <span class='ocrx_word' id='word_1_225' title='bbox 985 2412 1228 2493; x_wconf 83' lang='lat' dir='ltr'>Praesidentem,</span> <span class='ocrx_word' id='word_1_226' title='bbox 1245 2414 1415 2501; x_wconf 87' lang='lat' dir='ltr'>Viceprae·</span> 
     </span>
    </p>
   </div>
   <div class='ocr_carea' id='block_1_3' title="bbox 102 2438 1415 2927">
    <p class='ocr_par' dir='ltr' id='par_1_14' title="bbox 102 2438 1415 2927">
     <span class='ocr_line' id='line_1_27' title="bbox 102 2438 1415 2584; baseline 0.002 -22"><span class='ocrx_word' id='word_1_227' title='bbox 102 2484 244 2543; x_wconf 71' lang='lat' dir='ltr'>ubutoery.</span> <span class='ocrx_word' id='word_1_228' title='bbox 263 2438 437 2577; x_wconf 75' lang='lat' dir='ltr'>sidentem,</span> <span class='ocrx_word' id='word_1_229' title='bbox 461 2498 722 2584; x_wconf 86' lang='lat' dir='ltr'>Dispensatores‚</span> <span class='ocrx_word' id='word_1_230' title='bbox 739 2498 888 2562; x_wconf 88' lang='lat' dir='ltr'>Decanos</span> <span class='ocrx_word' id='word_1_231' title='bbox 911 2507 946 2562; x_wconf 94' lang='lat' dir='ltr'>et</span> <span class='ocrx_word' id='word_1_232' title='bbox 966 2498 1199 2579; x_wconf 74' lang='lat' dir='ltr'>senescallum,</span> <span class='ocrx_word' id='word_1_233' title='bbox 1214 2522 1273 2565; x_wconf 91' lang='lat' dir='ltr'>nec</span> <span class='ocrx_word' id='word_1_234' title='bbox 1289 2502 1339 2565; x_wconf 95' lang='lat' dir='ltr'>ibi</span> <span class='ocrx_word' id='word_1_235' title='bbox 1363 2526 1415 2566; x_wconf 89' lang='lat' dir='ltr'>se-</span> 
     </span>
     <span class='ocr_line' id='line_1_28' title="bbox 263 2584 1414 2673; baseline 0.003 -24"><span class='ocrx_word' id='word_1_236' title='bbox 263 2584 358 2662; x_wconf 82' lang='lat' dir='ltr'>dere3</span> <span class='ocrx_word' id='word_1_237' title='bbox 384 2585 504 2648; x_wconf 88' lang='lat' dir='ltr'>nisiex</span> <span class='ocrx_word' id='word_1_238' title='bbox 517 2606 614 2648; x_wconf 89' lang='lat' dir='ltr'>causa</span> <span class='ocrx_word' id='word_1_239' title='bbox 634 2585 817 2669; x_wconf 87' lang='lat' dir='ltr'>approbata</span> <span class='ocrx_word' id='word_1_240' title='bbox 830 2605 890 2669; x_wconf 91' lang='lat' dir='ltr'>per</span> <span class='ocrx_word' id='word_1_241' title='bbox 910 2584 1141 2648; x_wconf 82' lang='lat' dir='ltr'>Praesidentem</span> <span class='ocrx_word' id='word_1_242' title='bbox 1165 2595 1224 2649; x_wconf 87' lang='lat' dir='ltr'>aut</span> <span class='ocrx_word' id='word_1_243' title='bbox 1248 2587 1414 2673; x_wconf 86' lang='lat' dir='ltr'>Viceprae-</span> 
     </span>
     <span class='ocr_line' id='line_1_29' title="bbox 261 2669 1414 2756; baseline 0.004 -22"><span class='ocrx_word' id='word_1_244' title='bbox 261 2670 422 2734; x_wconf 89' lang='lat' dir='ltr'>sidentem</span> <span class='ocrx_word' id='word_1_245' title='bbox 433 2680 493 2733; x_wconf 91' lang='lat' dir='ltr'>aut</span> <span class='ocrx_word' id='word_1_246' title='bbox 506 2691 616 2734; x_wconf 87' lang='lat' dir='ltr'>eorum</span> <span class='ocrx_word' id='word_1_247' title='bbox 623 2669 729 2732; x_wconf 91' lang='lat' dir='ltr'>locum</span> <span class='ocrx_word' id='word_1_248' title='bbox 744 2678 920 2748; x_wconf 88' lang='lat' dir='ltr'>tenentem,</span> <span class='ocrx_word' id='word_1_249' title='bbox 933 2669 986 2734; x_wconf 90' lang='lat' dir='ltr'>vel</span> <span class='ocrx_word' id='word_1_250' title='bbox 997 2671 1219 2756; x_wconf 88' lang='lat' dir='ltr'>approbanda,</span> <span class='ocrx_word' id='word_1_251' title='bbox 1235 2672 1265 2735; x_wconf 88' lang='lat' dir='ltr'>si</span> <span class='ocrx_word' id='word_1_252' title='bbox 1279 2675 1414 2755; x_wconf 90' lang='lat' dir='ltr'>quando</span> 
     </span>
     <span class='ocr_line' id='line_1_30' title="bbox 260 2754 1412 2845; baseline 0.004 -26"><span class='ocrx_word' id='word_1_253' title='bbox 260 2754 412 2819; x_wconf 80' lang='lat' dir='ltr'>honestas</span> <span class='ocrx_word' id='word_1_254' title='bbox 426 2766 522 2841; x_wconf 89' lang='lat' dir='ltr'>cogat</span> <span class='ocrx_word' id='word_1_255' title='bbox 547 2766 682 2841; x_wconf 91' lang='lat' dir='ltr'>repente</span> <span class='ocrx_word' id='word_1_256' title='bbox 701 2765 894 2819; x_wconf 87' lang='lat' dir='ltr'>extraneum</span> <span class='ocrx_word' id='word_1_257' title='bbox 910 2756 1073 2821; x_wconf 89' lang='lat' dir='ltr'>introduci</span> <span class='ocrx_word' id='word_1_258' title='bbox 1082 2782 1091 2834; x_wconf 92' lang='lat'>;</span> <span class='ocrx_word' id='word_1_259' title='bbox 1116 2757 1178 2821; x_wconf 87' lang='lat' dir='ltr'>sub</span> <span class='ocrx_word' id='word_1_260' title='bbox 1193 2780 1289 2843; x_wconf 87' lang='lat' dir='ltr'>poeua</span> <span class='ocrx_word' id='word_1_261' title='bbox 1303 2760 1412 2845; x_wconf 86' lang='lat' dir='ltr'>priva-</span> 
     </span>
     <span class='ocr_line' id='line_1_31' title="bbox 260 2841 957 2927; baseline -0.003 -22"><span class='ocrx_word' id='word_1_262' title='bbox 260 2842 359 2906; x_wconf 89' lang='lat' dir='ltr'>tionis</span> <span class='ocrx_word' id='word_1_263' title='bbox 373 2841 536 2907; x_wconf 84' lang='lat' dir='ltr'>convictus</span> <span class='ocrx_word' id='word_1_264' title='bbox 551 2863 610 2927; x_wconf 90' lang='lat' dir='ltr'>per</span> <span class='ocrx_word' id='word_1_265' title='bbox 624 2863 721 2905; x_wconf 90' lang='lat' dir='ltr'>unam</span> <span class='ocrx_word' id='word_1_266' title='bbox 734 2841 957 2927; x_wconf 87' lang='lat' dir='ltr'>septimanam.</span> 
     </span>
    </p>
   </div>
   <div class='ocr_carea' id='block_1_4' title="bbox 441 2988 1188 3089">
    <p class='ocr_par' dir='ltr' id='par_1_15' title="bbox 441 2988 1188 3089">
     <span class='ocr_line' id='line_1_32' title="bbox 441 2988 1188 3089; baseline -0.003 -36"><span class='ocrx_word' id='word_1_267' title='bbox 441 3077 447 3089; x_wconf 86' lang='lat'>.</span> <span class='ocrx_word' id='word_1_268' title='bbox 477 2988 558 3076; x_wconf 89' lang='lat' dir='ltr'>Cap.</span> <span class='ocrx_word' id='word_1_269' title='bbox 574 2990 627 3053; x_wconf 81' lang='lat'>34.</span> <span class='ocrx_word' id='word_1_270' title='bbox 653 2991 704 3053; x_wconf 88' lang='lat' dir='ltr'>De</span> <span class='ocrx_word' id='word_1_271' title='bbox 716 2992 867 3053; x_wconf 65' lang='lat' dir='ltr'>extraneis</span> <span class='ocrx_word' id='word_1_272' title='bbox 881 3012 939 3054; x_wconf 84' lang='lat' dir='ltr'>uon</span> <span class='ocrx_word' id='word_1_273' title='bbox 953 2992 1188 3055; x_wconf 78' lang='lat' dir='ltr'>introducendis.</span> 
     </span>
    </p>
   </div>
   <div class='ocr_carea' id='block_1_5' title="bbox 97 3098 1494 4390">
    <p class='ocr_par' dir='ltr' id='par_1_16' title="bbox 305 3098 1409 3187">
     <span class='ocr_line' id='line_1_33' title="bbox 305 3098 1409 3187; baseline 0.006 -24"><span class='ocrx_word' id='word_1_274' title='bbox 305 3099 362 3165; x_wconf 92' lang='lat' dir='ltr'>Ne</span> <span class='ocrx_word' id='word_1_275' title='bbox 386 3100 636 3187; x_wconf 87' lang='lat' dir='ltr'>supervacaneis</span> <span class='ocrx_word' id='word_1_276' title='bbox 659 3108 817 3185; x_wconf 85' lang='lat' dir='ltr'>gravetur</span> <span class='ocrx_word' id='word_1_277' title='bbox 834 3098 1021 3185; x_wconf 85' lang='lat' dir='ltr'>Collegium</span> <span class='ocrx_word' id='word_1_278' title='bbox 1045 3102 1242 3186; x_wconf 89' lang='lat' dir='ltr'>sumptibus,</span> <span class='ocrx_word' id='word_1_279' title='bbox 1267 3114 1326 3168; x_wconf 86' lang='lat' dir='ltr'>aut</span> <span class='ocrx_word' id='word_1_280' title='bbox 1345 3104 1409 3171; x_wconf 84' lang='lat' dir='ltr'>fre-</span> 
     </span>
    </p>

    <p class='ocr_par' dir='ltr' id='par_1_17' title="bbox 261 3185 1410 3273">
     <span class='ocr_line' id='line_1_34' title="bbox 261 3185 1410 3273; baseline 0.004 -22"><span class='ocrx_word' id='word_1_281' title='bbox 261 3186 399 3272; x_wconf 91' lang='lat' dir='ltr'>quentia</span> <span class='ocrx_word' id='word_1_282' title='bbox 412 3186 581 3273; x_wconf 89' lang='lat' dir='ltr'>hospitum</span> <span class='ocrx_word' id='word_1_283' title='bbox 595 3185 799 3273; x_wconf 89' lang='lat' dir='ltr'>impediatur</span> <span class='ocrx_word' id='word_1_284' title='bbox 823 3185 973 3250; x_wconf 89' lang='lat' dir='ltr'>studium</span> <span class='ocrx_word' id='word_1_285' title='bbox 989 3197 1206 3272; x_wconf 88' lang='lat' dir='ltr'>augescatque</span> <span class='ocrx_word' id='word_1_286' title='bbox 1220 3187 1328 3269; x_wconf 78' lang='lat' dir='ltr'>luxua,</span> <span class='ocrx_word' id='word_1_287' title='bbox 1347 3190 1410 3256; x_wconf 86' lang='lat' dir='ltr'>hoc</span> 
     </span>
    </p>

    <p class='ocr_par' dir='ltr' id='par_1_18' title="bbox 97 3272 1408 3531">
     <span class='ocr_line' id='line_1_35' title="bbox 98 3272 1408 3359; baseline 0.005 -24"><span class='ocrx_word' id='word_1_288' title='bbox 98 3278 224 3351; x_wconf 61' lang='lat' dir='ltr'>Introduc»</span> <span class='ocrx_word' id='word_1_289' title='bbox 260 3283 387 3338; x_wconf 83' lang='lat' dir='ltr'>statuto</span> <span class='ocrx_word' id='word_1_290' title='bbox 402 3272 612 3359; x_wconf 87' lang='lat' dir='ltr'>prohibemus</span> <span class='ocrx_word' id='word_1_291' title='bbox 634 3273 865 3357; x_wconf 89' lang='lat' dir='ltr'>nequisquam</span> <span class='ocrx_word' id='word_1_292' title='bbox 887 3272 992 3335; x_wconf 88' lang='lat' dir='ltr'>nostri</span> <span class='ocrx_word' id='word_1_293' title='bbox 1009 3272 1153 3359; x_wconf 85' lang='lat' dir='ltr'>Collegii</span> <span class='ocrx_word' id='word_1_294' title='bbox 1175 3275 1298 3353; x_wconf 78' lang='lat' dir='ltr'>Sosius,</span> <span class='ocrx_word' id='word_1_295' title='bbox 1315 3277 1408 3342; x_wconf 91' lang='lat' dir='ltr'>scho-</span> 
     </span>
     <span class='ocr_line' id='line_1_36' title="bbox 97 3339 1406 3457; baseline 0.005 -37"><span class='ocrx_word' id='word_1_296' title='bbox 97 3339 228 3457; x_wconf 50' lang='lat' dir='ltr'>ffinssm</span> <span class='ocrx_word' id='word_1_297' title='bbox 258 3359 348 3439; x_wconf 87' lang='lat' dir='ltr'>laris,</span> <span class='ocrx_word' id='word_1_298' title='bbox 363 3359 553 3445; x_wconf 91' lang='lat' dir='ltr'>discipulus,</span> <span class='ocrx_word' id='word_1_299' title='bbox 571 3359 731 3442; x_wconf 86' lang='lat' dir='ltr'>minister,</span> <span class='ocrx_word' id='word_1_300' title='bbox 748 3358 923 3422; x_wconf 90' lang='lat' dir='ltr'>autetiam</span> <span class='ocrx_word' id='word_1_301' title='bbox 940 3358 1008 3444; x_wconf 88' lang='lat' dir='ltr'>ipse</span> <span class='ocrx_word' id='word_1_302' title='bbox 1026 3358 1219 3436; x_wconf 79' lang='lat' dir='ltr'>Praesidens,</span> <span class='ocrx_word' id='word_1_303' title='bbox 1239 3374 1406 3446; x_wconf 89' lang='lat' dir='ltr'>parentes,</span> 
     </span>
     <span class='ocr_line' id='line_1_37' title="bbox 258 3444 1406 3531; baseline 0.004 -22"><span class='ocrx_word' id='word_1_304' title='bbox 258 3445 386 3516; x_wconf 81' lang='lat' dir='ltr'>fratres,</span> <span class='ocrx_word' id='word_1_305' title='bbox 401 3445 657 3529; x_wconf 86' lang='lat' dir='ltr'>consanguineos</span> <span class='ocrx_word' id='word_1_306' title='bbox 672 3444 724 3506; x_wconf 89' lang='lat' dir='ltr'>vel</span> <span class='ocrx_word' id='word_1_307' title='bbox 739 3453 916 3524; x_wconf 86' lang='lat' dir='ltr'>extraneos,</span> <span class='ocrx_word' id='word_1_308' title='bbox 941 3466 1044 3508; x_wconf 91' lang='lat' dir='ltr'>unum</span> <span class='ocrx_word' id='word_1_309' title='bbox 1058 3445 1110 3509; x_wconf 91' lang='lat' dir='ltr'>vel</span> <span class='ocrx_word' id='word_1_310' title='bbox 1127 3445 1247 3531; x_wconf 90' lang='lat' dir='ltr'>plures,</span> <span class='ocrx_word' id='word_1_311' title='bbox 1264 3448 1307 3510; x_wconf 91' lang='lat' dir='ltr'>ad</span> <span class='ocrx_word' id='word_1_312' title='bbox 1323 3472 1406 3514; x_wconf 90' lang='lat' dir='ltr'>onus</span> 
     </span>
    </p>

    <p class='ocr_par' dir='ltr' id='par_1_19' title="bbox 258 3528 1405 3615">
     <span class='ocr_line' id='line_1_38' title="bbox 258 3528 1405 3615; baseline 0.004 -21"><span class='ocrx_word' id='word_1_313' title='bbox 258 3531 362 3594; x_wconf 90' lang='lat' dir='ltr'>nostri</span> <span class='ocrx_word' id='word_1_314' title='bbox 377 3530 519 3615; x_wconf 88' lang='lat' dir='ltr'>Collegii</span> <span class='ocrx_word' id='word_1_315' title='bbox 541 3528 737 3608; x_wconf 89' lang='lat' dir='ltr'>introducat,</span> <span class='ocrx_word' id='word_1_316' title='bbox 754 3540 813 3595; x_wconf 90' lang='lat' dir='ltr'>aut</span> <span class='ocrx_word' id='word_1_317' title='bbox 831 3532 984 3614; x_wconf 92' lang='lat' dir='ltr'>cuiquam</span> <span class='ocrx_word' id='word_1_318' title='bbox 1007 3530 1184 3610; x_wconf 87' lang='lat' dir='ltr'>Sociorum,</span> <span class='ocrx_word' id='word_1_319' title='bbox 1207 3533 1405 3599; x_wconf 87' lang='lat' dir='ltr'>scholarium</span> 
     </span>
    </p>

    <p class='ocr_par' dir='ltr' id='par_1_20' title="bbox 257 3614 1405 3699">
     <span class='ocr_line' id='line_1_39' title="bbox 257 3614 1405 3699; baseline 0.005 -20"><span class='ocrx_word' id='word_1_320' title='bbox 257 3614 309 3679; x_wconf 90' lang='lat' dir='ltr'>vel</span> <span class='ocrx_word' id='word_1_321' title='bbox 318 3614 469 3691; x_wconf 88' lang='lat' dir='ltr'>aliorum,</span> <span class='ocrx_word' id='word_1_322' title='bbox 479 3636 539 3699; x_wconf 89' lang='lat' dir='ltr'>per</span> <span class='ocrx_word' id='word_1_323' title='bbox 553 3624 780 3679; x_wconf 91' lang='lat' dir='ltr'>extraneorum</span> <span class='ocrx_word' id='word_1_324' title='bbox 789 3615 1059 3680; x_wconf 90' lang='lat' dir='ltr'>introductionem</span> <span class='ocrx_word' id='word_1_325' title='bbox 1072 3617 1192 3682; x_wconf 84' lang='lat' dir='ltr'>inferat</span> <span class='ocrx_word' id='word_1_326' title='bbox 1204 3620 1405 3685; x_wconf 86' lang='lat' dir='ltr'>occasionem</span> 
     </span>
    </p>

    <p class='ocr_par' dir='ltr' id='par_1_21' title="bbox 256 3699 1494 4134">
     <span class='ocr_line' id='line_1_40' title="bbox 257 3699 1402 3791; baseline 0.004 -27"><span class='ocrx_word' id='word_1_327' title='bbox 257 3710 297 3764; x_wconf 91' lang='lat' dir='ltr'>ut</span> <span class='ocrx_word' id='word_1_328' title='bbox 311 3722 331 3763; x_wconf 92' lang='lat' dir='ltr'>a</span> <span class='ocrx_word' id='word_1_329' title='bbox 346 3699 455 3763; x_wconf 90' lang='lat' dir='ltr'>studio</span> <span class='ocrx_word' id='word_1_330' title='bbox 471 3700 671 3785; x_wconf 89' lang='lat' dir='ltr'>impediatur</span> <span class='ocrx_word' id='word_1_331' title='bbox 685 3713 744 3767; x_wconf 90' lang='lat' dir='ltr'>aut</span> <span class='ocrx_word' id='word_1_332' title='bbox 758 3701 793 3764; x_wconf 92' lang='lat' dir='ltr'>in</span> <span class='ocrx_word' id='word_1_333' title='bbox 807 3702 904 3766; x_wconf 87' lang='lat' dir='ltr'>rebus</span> <span class='ocrx_word' id='word_1_334' title='bbox 916 3701 1070 3766; x_wconf 92' lang='lat' dir='ltr'>damnum</span> <span class='ocrx_word' id='word_1_335' title='bbox 1089 3702 1221 3787; x_wconf 88' lang='lat' dir='ltr'>aliquod</span> <span class='ocrx_word' id='word_1_336' title='bbox 1237 3706 1402 3791; x_wconf 87' lang='lat' dir='ltr'>patiatur.</span> 
     </span>
     <span class='ocr_line' id='line_1_41' title="bbox 257 3785 1494 3877; baseline 0.003 -28"><span class='ocrx_word' id='word_1_337' title='bbox 257 3785 489 3863; x_wconf 89' lang='lat' dir='ltr'>Permittimus,</span> <span class='ocrx_word' id='word_1_338' title='bbox 506 3796 626 3864; x_wconf 88' lang='lat' dir='ltr'>tamen,</span> <span class='ocrx_word' id='word_1_339' title='bbox 646 3796 686 3851; x_wconf 91' lang='lat' dir='ltr'>ut</span> <span class='ocrx_word' id='word_1_340' title='bbox 708 3788 736 3852; x_wconf 91' lang='lat' dir='ltr'>si</span> <span class='ocrx_word' id='word_1_341' title='bbox 755 3786 797 3852; x_wconf 92' lang='lat' dir='ltr'>ad</span> <span class='ocrx_word' id='word_1_342' title='bbox 820 3788 963 3871; x_wconf 90' lang='lat' dir='ltr'>aliquem</span> <span class='ocrx_word' id='word_1_343' title='bbox 985 3788 1215 3874; x_wconf 72' lang='lat' dir='ltr'>predictorum</span> <span class='ocrx_word' id='word_1_344' title='bbox 1237 3803 1400 3877; x_wconf 89' lang='lat' dir='ltr'>parentes,</span> <span class='ocrx_word' id='word_1_345' title='bbox 1490 3836 1494 3853; x_wconf 68' lang='lat'>.</span> 
     </span>
     <span class='ocr_line' id='line_1_42' title="bbox 258 3872 1401 3959; baseline 0.007 -23"><span class='ocrx_word' id='word_1_346' title='bbox 258 3872 501 3959; x_wconf 82' lang='lat' dir='ltr'>consanguinei,</span> <span class='ocrx_word' id='word_1_347' title='bbox 518 3884 579 3939; x_wconf 91' lang='lat' dir='ltr'>aut</span> <span class='ocrx_word' id='word_1_348' title='bbox 601 3874 660 3938; x_wconf 90' lang='lat' dir='ltr'>alii</span> <span class='ocrx_word' id='word_1_349' title='bbox 675 3873 770 3937; x_wconf 89' lang='lat' dir='ltr'>amici</span> <span class='ocrx_word' id='word_1_350' title='bbox 784 3875 983 3943; x_wconf 87' lang='lat' dir='ltr'>accesserint,</span> <span class='ocrx_word' id='word_1_351' title='bbox 1003 3874 1212 3941; x_wconf 87' lang='lat' dir='ltr'>Praesidentis</span> <span class='ocrx_word' id='word_1_352' title='bbox 1235 3887 1295 3942; x_wconf 90' lang='lat' dir='ltr'>aut</span> <span class='ocrx_word' id='word_1_353' title='bbox 1307 3879 1401 3944; x_wconf 92' lang='lat' dir='ltr'>Vice-</span> 
     </span>
     <span class='ocr_line' id='line_1_43' title="bbox 257 3959 1401 4059; baseline 0.006 -35"><span class='ocrx_word' id='word_1_354' title='bbox 257 3959 470 4059; x_wconf 80' lang='lat' dir='ltr'>praesideutis,</span> <span class='ocrx_word' id='word_1_355' title='bbox 486 3969 557 4038; x_wconf 92' lang='lat' dir='ltr'>aut,</span> <span class='ocrx_word' id='word_1_356' title='bbox 572 3959 623 4023; x_wconf 89' lang='lat' dir='ltr'>his</span> <span class='ocrx_word' id='word_1_357' title='bbox 644 3961 847 4039; x_wconf 86' lang='lat' dir='ltr'>absentibus,</span> <span class='ocrx_word' id='word_1_358' title='bbox 865 3961 951 4024; x_wconf 88' lang='lat' dir='ltr'>Socii</span> <span class='ocrx_word' id='word_1_359' title='bbox 974 3962 1115 4025; x_wconf 90' lang='lat' dir='ltr'>maxime</span> <span class='ocrx_word' id='word_1_360' title='bbox 1140 3963 1284 4042; x_wconf 88' lang='lat' dir='ltr'>senioris,</span> <span class='ocrx_word' id='word_1_361' title='bbox 1303 3968 1401 4031; x_wconf 89' lang='lat' dir='ltr'>venia</span> 
     </span>
     <span class='ocr_line' id='line_1_44' title="bbox 256 4045 1400 4134; baseline 0.005 -23"><span class='ocrx_word' id='word_1_362' title='bbox 256 4056 441 4133; x_wconf 81' lang='lat' dir='ltr'>impetrata,</span> <span class='ocrx_word' id='word_1_363' title='bbox 457 4058 596 4134; x_wconf 89' lang='lat' dir='ltr'>possunt</span> <span class='ocrx_word' id='word_1_364' title='bbox 611 4047 645 4109; x_wconf 91' lang='lat' dir='ltr'>in</span> <span class='ocrx_word' id='word_1_365' title='bbox 656 4045 733 4111; x_wconf 91' lang='lat' dir='ltr'>aula</span> <span class='ocrx_word' id='word_1_366' title='bbox 747 4046 999 4111; x_wconf 84' lang='lat' dir='ltr'>relincubiculo</span> <span class='ocrx_word' id='word_1_367' title='bbox 1008 4046 1117 4111; x_wconf 85' lang='lat' dir='ltr'>sedere</span> <span class='ocrx_word' id='word_1_368' title='bbox 1126 4057 1185 4111; x_wconf 88' lang='lat' dir='ltr'>aut</span> <span class='ocrx_word' id='word_1_369' title='bbox 1195 4049 1400 4117; x_wconf 84' lang='lat' dir='ltr'>discumbere</span> 
     </span>
    </p>

    <p class='ocr_par' dir='ltr' id='par_1_22' title="bbox 255 4132 1494 4221">
     <span class='ocr_line' id='line_1_45' title="bbox 255 4132 1494 4221; baseline 0.006 -25"><span class='ocrx_word' id='word_1_370' title='bbox 255 4133 298 4196; x_wconf 87' lang='lat' dir='ltr'>ad</span> <span class='ocrx_word' id='word_1_371' title='bbox 313 4142 465 4219; x_wconf 89' lang='lat' dir='ltr'>sumptus</span> <span class='ocrx_word' id='word_1_372' title='bbox 476 4133 696 4210; x_wconf 89' lang='lat' dir='ltr'>invitantium,</span> <span class='ocrx_word' id='word_1_373' title='bbox 705 4155 769 4196; x_wconf 91' lang='lat' dir='ltr'>non</span> <span class='ocrx_word' id='word_1_374' title='bbox 782 4132 933 4221; x_wconf 82' lang='lat' dir='ltr'>Collegii,</span> <span class='ocrx_word' id='word_1_375' title='bbox 949 4142 983 4196; x_wconf 92' lang='lat' dir='ltr'>et</span> <span class='ocrx_word' id='word_1_376' title='bbox 995 4133 1065 4197; x_wconf 90' lang='lat' dir='ltr'>sine</span> <span class='ocrx_word' id='word_1_377' title='bbox 1077 4142 1265 4199; x_wconf 84' lang='lat' dir='ltr'>caeterorum</span> <span class='ocrx_word' id='word_1_378' title='bbox 1279 4136 1402 4203; x_wconf 89' lang='lat' dir='ltr'>damno</span> <span class='ocrx_word' id='word_1_379' title='bbox 1492 4152 1494 4161; x_wconf 83' lang='grc'>’</span> 
     </span>
    </p>

    <p class='ocr_par' dir='ltr' id='par_1_23' title="bbox 252 4218 1494 4390">
     <span class='ocr_line' id='line_1_46' title="bbox 252 4218 1494 4303; baseline 0.005 -22"><span class='ocrx_word' id='word_1_380' title='bbox 252 4227 311 4282; x_wconf 83' lang='lat' dir='ltr'>aut</span> <span class='ocrx_word' id='word_1_381' title='bbox 321 4219 562 4303; x_wconf 92' lang='lat' dir='ltr'>impedimento,</span> <span class='ocrx_word' id='word_1_382' title='bbox 579 4220 627 4282; x_wconf 93' lang='lat' dir='ltr'>ita</span> <span class='ocrx_word' id='word_1_383' title='bbox 640 4229 679 4283; x_wconf 93' lang='lat' dir='ltr'>ut</span> <span class='ocrx_word' id='word_1_384' title='bbox 692 4218 734 4281; x_wconf 90' lang='lat' dir='ltr'>ad</span> <span class='ocrx_word' id='word_1_385' title='bbox 753 4241 915 4283; x_wconf 85' lang='lat' dir='ltr'>summum</span> <span class='ocrx_word' id='word_1_386' title='bbox 931 4218 1080 4299; x_wconf 90' lang='lat' dir='ltr'>biduum,</span> <span class='ocrx_word' id='word_1_387' title='bbox 1096 4222 1201 4283; x_wconf 87' lang='lat' dir='ltr'>autin</span> <span class='ocrx_word' id='word_1_388' title='bbox 1220 4222 1300 4286; x_wconf 86' lang='lat' dir='ltr'>actis</span> <span class='ocrx_word' id='word_1_389' title='bbox 1316 4224 1399 4289; x_wconf 91' lang='lat' dir='ltr'>Uni·</span> <span class='ocrx_word' id='word_1_390' title='bbox 1491 4284 1494 4295; x_wconf 89' lang='grc'><em>,</em></span> 
     </span>
     <span class='ocr_line' id='line_1_47' title="bbox 253 4304 1398 4390; baseline 0.009 -25"><span class='ocrx_word' id='word_1_391' title='bbox 253 4305 420 4367; x_wconf 86' lang='lat' dir='ltr'>versitatis</span> <span class='ocrx_word' id='word_1_392' title='bbox 430 4304 568 4390; x_wconf 90' lang='lat' dir='ltr'>publicis</span> <span class='ocrx_word' id='word_1_393' title='bbox 584 4304 741 4381; x_wconf 87' lang='lat' dir='ltr'>triduum,</span> <span class='ocrx_word' id='word_1_394' title='bbox 750 4327 815 4369; x_wconf 89' lang='lat' dir='ltr'>non</span> <span class='ocrx_word' id='word_1_395' title='bbox 831 4304 997 4369; x_wconf 82' lang='lat' dir='ltr'>excedant.</span> <span class='ocrx_word' id='word_1_396' title='bbox 1037 4305 1074 4368; x_wconf 87' lang='lat' dir='ltr'>Si</span> <span class='ocrx_word' id='word_1_397' title='bbox 1091 4315 1202 4370; x_wconf 89' lang='lat' dir='ltr'>tamen</span> <span class='ocrx_word' id='word_1_398' title='bbox 1216 4308 1398 4375; x_wconf 79' lang='lat' dir='ltr'>l&#39;raesidens</span> 
     </span>
    </p>
   </div>
   <div class='ocr_carea' id='block_1_6' title="bbox 253 4387 1398 4480">
    <p class='ocr_par' dir='ltr' id='par_1_24' title="bbox 253 4387 1398 4480">
     <span class='ocr_line' id='line_1_48' title="bbox 253 4387 1398 4480; baseline 0.01 -31"><span class='ocrx_word' id='word_1_399' title='bbox 253 4387 289 4449; x_wconf 90' lang='lat' dir='ltr'>in</span> <span class='ocrx_word' id='word_1_400' title='bbox 306 4388 454 4473; x_wconf 84' lang='lat' dir='ltr'>Collegio</span> <span class='ocrx_word' id='word_1_401' title='bbox 467 4411 617 4474; x_wconf 84' lang='lat' dir='ltr'>praesens,</span> <span class='ocrx_word' id='word_1_402' title='bbox 631 4400 690 4454; x_wconf 89' lang='lat' dir='ltr'>aut</span> <span class='ocrx_word' id='word_1_403' title='bbox 704 4411 743 4453; x_wconf 90' lang='lat' dir='ltr'>eo</span> <span class='ocrx_word' id='word_1_404' title='bbox 754 4391 889 4455; x_wconf 89' lang='lat' dir='ltr'>absente</span> <span class='ocrx_word' id='word_1_405' title='bbox 903 4390 1169 4476; x_wconf 85' lang='lat' dir='ltr'>Vicepraesidens,</span> <span class='ocrx_word' id='word_1_406' title='bbox 1180 4403 1239 4457; x_wconf 90' lang='lat' dir='ltr'>aut</span> <span class='ocrx_word' id='word_1_407' title='bbox 1258 4405 1398 4480; x_wconf 85' lang='lat' dir='ltr'>utroque</span> 
     </span>
    </p>
   </div>
   <div class='ocr_carea' id='block_1_7' title="bbox 0 0 1504 4700">
    <p class='ocr_par' dir='ltr' id='par_1_25' title="bbox 0 0 1504 4700">
     <span class='ocr_line' id='line_1_49' title="bbox 0 0 1504 4700; baseline 0 4"><span class='ocrx_word' id='word_1_408' title='bbox 0 0 1504 4700; x_wconf 95' lang='lat' dir='ltr'> </span> 
     </span>
    </p>
   </div>
  </div>
 </body>
</html>
