3000 4700
303 205 438 274 Statates
450 206 488 287 ο]
501 189 622 290 Corpus
637 206 756 272 Chr-isti
773 207 900 292 Callope,
920 209 1048 293 Orserd.
1208 210 1251 274 49

94 376 267 433 auctorum
279 378 313 434 et
326 391 463 455 operum
477 369 557 450 loco,
571 369 639 456 legi
654 379 689 434 et
700 369 856 456 explicari
869 373 1098 457 permittimus.
1121 373 1252 438 Diebus

96 471 208 520 autern
223 455 355 534 Martis,
369 456 458 521 Jovis
474 466 507 522 et
523 457 672 536 Sabbati,
682 457 870 543 Virgilium,
887 459 1057 537 Ovidium,
1073 459 1249 532 Lucanum,

96 541 306 614 iuvenalem,
336 544 540 618 Terentium,
575 551 634 608 aut
671 543 840 622 Plautum,
872 546 1119 631 interpretetur.
1178 547 1250 612 Nec

96 635 208 692 tamen
238 629 450 714 probibemus
478 633 568 713 quin,
598 651 672 696 cum
703 629 936 714 praedictorurn
971 631 1184 696 Praesidentis
1213 641 1250 697 et

96 715 259 787 seniorum
273 737 444 795 consensu,
461 717 566 802 possit
590 714 650 780 has
670 715 846 801 praedictas
869 717 1025 783 lectiones
1036 730 1249 791 commutare,

2 860 5 879 ,
97 809 132 864 et
144 803 222 883 ,quac
237 800 374 866 alternis
389 802 504 867 diebus
516 802 657 890 legendo
675 802 897 887 judicavimus
914 826 953 868 ea
963 805 1130 869 continuis
1145 806 1249 892 expli-

97 897 231 964 casset
256 887 390 973 insuper
404 889 438 952 in
452 888 568 954 eodem
584 888 637 952 die
660 900 786 974 partem
801 889 943 972 aliquam
965 905 1072 977 poetae
1087 913 1153 954 una
1175 915 1247 956 cum

97 983 228 1040 oratore
247 973 469 1060 interpretari.
514 975 590 1053 Ter,
605 983 777 1061 praeterea,
794 975 936 1061 siugulis
950 977 1030 1039 anni
1043 978 1246 1041 vacationum
1261 981 1377 1052 nauus·
1387 979 1414 1026 ἱ·

3 1107 4 1142 ,
98 1060 304 1144 septimanis,
334 1060 451 1124 diebus
480 1071 513 1124 ct
543 1061 630 1126 horis
657 1083 718 1148 per
746 1062 918 1146 praedictos
949 1063 1185 1128 Praesidentcm
1214 1073 1249 1129 et
1260 1039 1402 1088 mm*

2 1151 10 1178 ¹
98 1152 255 1232 majorem
278 1156 405 1233 partem
429 1148 595 1213 seniorum
619 1147 812 1226 limitandis,
834 1148 934 1232 legat,
953 1150 986 1211 in
1008 1149 1052 1213 ali
1079 1173 1120 1213 uo
1145 1152 1250 1214 nostri

99 1233 242 1318 Collegii
258 1233 328 1296 loco
343 1255 401 1319 per
414 1233 653 1298 Proesidentem
675 1234 875 1320 deputando,
894 1174 1250 1302 omnibushomesticis

3 1337 4 1340 ’
98 1319 244 1404 ejusdem
269 1342 333 1384 non
352 1320 526 1406 Magistris
539 1322 591 1384 vel
603 1320 800 1403 Elegantias
818 1320 995 1385 Laurentii
1010 1321 1180 1402 Vallensis,
1197 1325 1249 1388 rel

2 1464 7 1485 ‚
99 1404 362 1470 Lucubrationes
374 1407 500 1471 Atticas
512 1407 593 1472 Auli
603 1406 716 1480 Gellii,
727 1408 781 1470 vel
794 1407 1007 1472 Miscellanea
1015 1408 1185 1483 Politiani,
1195 1410 1249 1474 vel

98 1491 189 1554 aliud
208 1489 408 1576 hujusmodi,
432 1485 725 1578 proPraesidentis
747 1502 782 1558 et
804 1494 936 1580 majoris
955 1495 1059 1580 partis
1082 1495 1246 1560 seniorum

3 1621 4 1631 ,
97 1577 247 1642 arbitrio.
296 1577 465 1643 Secundus
480 1590 589 1644 autern
605 1579 774 1644 herbarius
785 1580 891 1644 nostri
908 1581 1045 1646 alvearii
1055 1582 1246 1648 Graecorum
1259 1595 1342 1642 Greek
1351 1595 1411 1640 Lec-

3 1709 4 1712 ,
99 1664 288 1748 Graecaeque
304 1665 426 1752 lingum
441 1667 504 1730 erit
516 1675 553 1731 et
567 1666 791 1754 appellabitur
806 1666 1057 1750 Lector3quem
1070 1677 1247 1754 propterea
1258 1660 1335 1702 turer.

97 1749 131 1812 in
144 1759 256 1814 nostro
273 1750 412 1816 alveario
424 1752 627 1831 collocamus,
640 1751 728 1836 quod
740 1754 936 1816 sacrosancti
949 1776 1089 1818 canones
1104 1777 1248 1819 commo-

3 1853 4 1856 ’
93 1834 234 1904 ‚dissime
256 1859 317 1922 pro
332 1838 428 1904 bouis
450 1838 555 1904 literis
573 1848 609 1904 et
632 1839 794 1926 imprimis
810 1839 1008 1903 Christianis
1031 1841 1248 1906 instituerunt

97 1944 134 1986 ac
156 1929 327 2009 jusserunt
348 1947 425 1988 eum
449 1925 484 1988 in
505 1924 567 1990 hac
591 1925 820 1990 Universitatc
841 1925 1031 2001 Oxoniensi,
1050 1927 1189 2011 perinde
1212 1951 1248 1992 ac

2 2066 5 2081 ,
97 2010 211 2095 paucis
233 2010 307 2073 aliis
326 2010 548 2076 celeberrimis
568 2012 761 2099 gymnasiis,
777 2033 946 2092 nunquam
961 2011 1162 2076 desiderari:
1188 2036 1248 2076 nec

98 2106 206 2160 tamen
222 2119 277 2162 eos
291 2097 352 2161 hac
363 2098 489 2162 ratione
500 2107 668 2162 excusatos
680 2097 828 2160 volumus
837 2097 896 2182 qui
909 2098 1061 2161 Graecam
1073 2098 1254 2162 lectionem·

99 2181 133 2245 in
155 2205 196 2246 eo
220 2183 288 2246 suis
311 2184 469 2270 impensis
493 2193 678 2248 sustentare
703 2182 852 2247 debeant.
900 2183 964 2246 Hic
994 2191 1105 2246 autem
1133 2184 1249 2248 Lector

3 2344 4 2352 ἵ
98 2278 220 2346 noster,
232 2269 371 2357 singulis
381 2269 498 2335 diebus
509 2271 661 2359 profestis
673 2278 732 2333 aut
741 2269 913 2348 intercisis,
924 2291 984 2358 per
995 2277 1101 2333 totum
1114 2293 1247 2350 annum,

2 2353 11 2381 ⁵
141 2356 282 2421 rtionem
306 2358 448 2440 aliquam
474 2357 516 2421 de
545 2357 738 2443 subscriptis
768 2357 965 2435 auctoribus,
993 2380 1052 2444 per
1082 2358 1246 2443 integram

96 2376 212 2506 iliram
229 2452 287 2508 aut
301 2445 400 2529 paulo
416 2444 564 2531 amplius,
580 2446 613 2508 in
629 2448 705 2508 aula
725 2444 828 2506 nostri
843 2444 992 2530 Collegii,
1031 2444 1139 2509 ublice
1156 2446 1247 2532 legat

97 2537 131 2592 et
152 2529 239 2593 clare
258 2530 409 2617 explicet,
436 2530 517 2595 hora
536 2530 663 2595 decima
685 2538 763 2593 ante
782 2529 951 2594 meridiem
972 2468 1031 2594 vel
1046 2532 1144 2618 paulo
1167 2541 1246 2596 ante

97 2614 295 2701 incipiendo.
339 2617 449 2703 Legat
468 2618 581 2700 itaque
606 2616 722 2681 diebus
742 2616 856 2694 Lunae,
874 2615 1034 2681 Mercurii
1047 2627 1080 2681 et
1095 2618 1243 2696 Veneris,
1259 2632 1367 2677 suthon

98 2703 283 2788 portionem
299 2702 441 2785 aliquam
454 2702 694 2767 Grammatices
711 2701 878 2767 Theodori
894 2702 947 2767 vel
964 2705 1098 2767 alterius
1114 2706 1244 2791 probati
1257 2692 1379 2810 {2ssss

2 2817 7 2836 ·
99 2789 304 2937 {rammatici
317 2790 436 2869 Graeci,
454 2812 609 2854 unacum
625 2789 735 2873 aliqua
750 2798 846 2875 parte
862 2789 1061 2854 Orationum
1078 2790 1244 2869 Isocratis,

129 2875 239 2939 uciani
253 2876 305 2939 vel
319 2874 519 2940 Philostrati.
567 2876 697 2940 Diebus
711 2898 790 2940 vero
804 2876 932 2953 Martis,
946 2877 963 2937 J
968 2876 1038 2940 ovis
1052 2887 1086 2939 et
1099 2878 1244 2955 Sabbati,
1358 2886 1360 2889 '

97 2960 188 3047 legat
205 2962 318 3027 Aristo
343 2961 470 3041 hanem,
486 2962 709 3031 Theocritum,
723 2961 932 3047 Euripidem,
947 2962 1153 3048 Sophoclem,
1171 2964 1246 3026 Pin-

2 3105 7 3123 ,
98 3046 216 3113 darum
240 3055 300 3113 aut
363 3048 520 3128 esiodum,
545 3049 597 3113 vel
621 3049 721 3113 alium
750 3048 938 3134 quempiam
953 3070 992 3110 ex
1009 3047 1246 3131 antiquissimis

2 3126 11 3154 ‘¹
99 3134 226 3198 Graecis
237 3134 354 3221 poetis,
365 3158 438 3199 curn
449 3136 555 3219 aliqua
592 3144 661 3199 arte
674 3134 914 3209 Demosthenis,
928 3132 1141 3215 Thucydidis,
1153 3136 1246 3198 Aris·

98 3222 218 3300 totelis,
242 3220 462 3307 Theophrasti
488 3231 547 3287 aut
601 3220 749 3285 lutarchi.
804 3221 882 3297 Ter,
908 3229 1076 3306 praeterea,
1106 3221 1245 3306 singulis
1257 3238 1410 3285 Iacturam

97 3306 316 3372 hebdomadis
333 3309 548 3383 vacationum,
574 3309 716 3391 aliquam
740 3306 1172 3405 portionemgrammaticae
1193 3309 1245 3371 vel
1257 3299 1399 3346 Vm¹l⁰¹¹⁸·

2 3419 7 3442 ³
97 3394 267 3458 rhetorica
287 3396 423 3472 Graecae,
442 3396 494 3459 vel
515 3396 653 3479 alicujus
676 3392 820 3457 auctoris
837 3393 944 3455 Graecr
960 3391 1120 3455 variarum
1138 3415 1247 3459 rerum

97 3480 278 3567 locupletis,
303 3481 455 3545 omnibus
480 3480 665 3546 domesticis
688 3480 792 3543 nostri
815 3478 957 3566 Collegii
979 3501 1046 3542 non
1076 3479 1247 3567 Magistris

3 3562 4 3585 ¹
97 3568 254 3654 privatim
270 3568 370 3652 legat,
389 3568 423 3630 in
441 3568 548 3650 aliquo
562 3569 629 3631 loco
646 3568 752 3630 nostri
767 3566 911 3651 Collegii
927 3588 986 3653 per
1010 3566 1247 3631 Praesidentem

98 3653 225 3718 adhoc
251 3653 450 3740 deputando.
505 3654 556 3730 Et,
581 3655 726 3741 insuper,
749 3653 848 3717 toties
877 3654 1044 3717 auditores
1070 3654 1245 3719 lectionum
1259 3660 1390 3731 113121111112·

13 3738 16 3743 ’
98 3741 306 3827 publicarum
330 3742 436 3805 nostri
450 3740 593 3825 Collegii
615 3741 702 3803 infra
723 3762 799 3803 mox
820 3739 1021 3826 designatos,
1069 3742 1145 3805 aulo
1169 3719 1386 3823 auteffi‘ig„

97 3835 247 3891 octavam
261 3826 529 3913 pomeridianam,
547 3827 598 3891 vel
614 3828 679 3891 alia
693 3826 774 3889 hora
793 3824 1021 3913 praedictorum
1038 3763 1248 3891 &residentis

98 3922 133 3977 et
155 3915 320 3977 seniorum
340 3913 465 4000 judicio
489 3912 757 3987 convenientiori,
782 3934 840 3998 per
863 3910 1033 3977 dimidiam
1055 3910 1170 3976 horam
1193 3934 1248 3976 ex-

3 4032 4 4039 *
22 4027 31 4041 -
98 4000 232 4065 aminet.
278 4000 326 4063 Et
347 4000 405 4083 qui
419 4021 555 4063 examen
571 4000 683 4063 subire
698 3998 942 4084 contempserit,
963 4009 1022 4063 aut
1035 4020 1078 4062 ex
1092 4020 1158 4062 non
1175 4019 1248 4083 pro·

97 4086 188 4151 fectu
212 4086 391 4150 attestante
417 4086 555 4151 Lectore
576 4093 611 4149 et
634 4085 698 4149 alio
721 4085 816 4147 Surio
839 4084 1012 4183 negligens
1035 4084 1248 4158 convincitur,

92 4179 194 4259 juxta
209 4172 344 4236 formam
368 4173 401 4235 in
425 4173 532 4257 capite
559 4172 600 4236 de
619 4172 842 4236 subtractione
855 4178 1024 4233 convictus
1040 4170 1124 4233 infra
1146 4169 1250 4233 tradi·

3 4300 10 4323 t
96 4276 162 4323 tam
188 4260 355 4345 puniatur.
399 4258 447 4321 Et
473 4259 647 4322 adomnia
671 4256 828 4343 praedicta
850 4255 990 4319 fideliter
1008 4263 1043 4319 et
1061 4256 1247 4342 diligenter,

3 4326 19 4351 '
96 4354 261 4429 quatenus
272 4368 327 4409 cos
338 4354 546 4421 concernunt,
560 4367 616 4431 pro
625 4341 879 4419 virilifacienda,
889 4342 1248 4441 utrumqueLectorum

95 4430 341 4521 praedictorum,
354 4432 449 4496 tactis
464 4441 497 4495 ct
513 4429 741 4600 inspecp'qsoper
755 4449 813 4492 eos
829 4438 1042 4493 sacrosanctis
1057 4427 1121 4493 Dei
1135 4429 1250 4493 Eran-

684 4564 689 4577 ·
1099 4534 1121 4588 a
