3000 4700
232 201 294 271 raa
529 203 648 290 thrym
662 202 782 269 Christi
799 203 925 288 Callope,
944 203 1074 286 xOaford.
1112 221 1117 234 ·
1145 221 1155 230 “

227 379 319 442 intra
343 396 466 441 annum
553 386 568 441 t
596 376 816 441 necessariam
844 397 937 440 suam
961 373 1146 460 regentium
1170 369 1381 458 completam,

230 463 478 551 (impedimento
516 470 656 526 untaxat
671 463 778 526 aetatis
793 476 946 536 cessante,
960 470 994 526 et
1008 461 1065 543 qui
1081 480 1139 545 per
1155 465 1288 523 aetatem
1301 465 1384 520 tunc

227 549 410 636 impeditus
425 549 522 613 fuerit
545 549 634 612 intra
655 570 777 613 annum
791 557 964 634 postquam
980 549 1019 610 ad
1042 545 1226 632 legitimam
1247 551 1384 607 aetatem

127 688 135 703 .
217 635 429 722 pervenerit)
446 632 488 699 ad
504 633 723 712 sacerdotium
744 633 878 699 realiter
892 641 1167 720 promoveantur;
1191 632 1242 694 sin
1259 631 1383 700 minus,

227 730 304 808 post
315 723 441 807 lapsum
455 719 545 784 illius
559 720 648 798 anni,
664 741 725 806 pro
735 742 802 785 non
817 720 916 784 Sociis
929 719 1071 805 Collegii
1081 717 1236 803 Corporis
1250 715 1384 779 Christi

227 811 261 870 in
274 816 472 894 perpetuum
494 805 691 872 habeantur.
743 807 866 889 quue,
880 807 907 870 si
923 806 997 889 quis
1016 804 1317 890 impresentiarum
1338 801 1384 864 sit

228 894 319 994 apud
333 916 400 966 vos,
413 893 474 976 qui
495 892 616 956 dictum
630 899 788 957 statutum
804 903 1028 978 transgressus
1041 890 1151 964 fuerit,
1167 911 1224 953 nee
1237 889 1384 952 voluerit

225 981 335 1045 erdem
349 979 466 1066 subjici
481 987 516 1043 et
529 979 732 1054 conformari,
753 1001 796 1042 ex
819 991 963 1064 tempore
987 988 1020 1044 et
1046 978 1116 1040 sine
1132 977 1201 1040 ulla
1224 976 1383 1038 ulteriore

227 1065 397 1144 dilatione,
420 1067 485 1129 nisi
504 1074 628 1148 quanto
652 1073 798 1150 tempore
811 1066 930 1152 poterit
953 1064 1137 1150 Episcopus
1152 1061 1272 1145 aliquis
1286 1060 1382 1133 adiri,

226 1152 374 1218 volumus
384 1153 614 1238 jubemusque‚
637 1151 816 1216 autoritate
829 1159 953 1234 quanta
974 1149 1107 1233 quidem
1133 1147 1166 1210 in
1193 1148 1290 1212 nobis
1317 1154 1381 1218 est,

229 1237 464 1303 Praesidentem
477 1245 625 1302 vestrum
633 1236 721 1300 illico
730 1237 947 1322 pronuntiare
963 1235 1062 1300 talem
1076 1257 1142 1298 non
1155 1235 1297 1312 Socium,
1314 1234 1384 1318 ipsi

229 1324 354 1406 alioqui
368 1323 615 1410 pronuntiaturi
635 1323 729 1387 illum
746 1345 811 1387 non
830 1321 1073 1386 Prasidentem.
1128 1320 1382 1406 Approbamus-
1494 1317 1495 1396 ξ

225 1432 290 1494 que
305 1409 502 1474 sententiam
519 1407 703 1472 Reverendi
722 1409 831 1472 Patris
852 1406 1103 1472 Praedecessoris
1120 1407 1224 1471 nostri
1241 1407 1381 1469 Domini
1494 1453 1495 1490 3

228 1495 391 1561 Johannis
404 1496 542 1580 Poynet,
556 1495 648 1576 eujus
664 1495 963 1580 interpretationem
988 1516 1089 1579 super
1103 1492 1164 1557 hoc
1188 1493 1259 1577 ipso
1275 1491 1382 1556 dubio
1494 1529 1495 1534 κ

225 1582 351 1646 editam
360 1580 491 1644 habetis
501 1580 536 1642 in
546 1579 631 1642 calce
638 1579 715 1644 libri
727 1580 931 1645 statutorum
941 1587 1134 1653 vestrorum,
1146 1579 1381 1664 transcriptam
1491 1607 1495 1623 ³

226 1689 328 1731 manu
343 1665 648 1752 propriaMorwent
661 1686 766 1751 nuper
782 1665 1111 1731 Praesidentisvestri.
1144 1666 1230 1738 Quae
1246 1665 1382 1747 quidem

228 1753 317 1816 dicta
331 1761 452 1824 nostra,
468 1751 740 1834 sententiamque,
753 1752 1061 1837 interpretationem,
1075 1751 1329 1816 declarationem
1346 1761 1382 1830 et
1491 1807 1495 1814 .

226 1838 529 1902 determinationem
544 1844 682 1910 nostras,
697 1844 736 1901 ut
749 1840 915 1922 praemissa
941 1845 1140 1902 statutorum
1165 1838 1265 1900 verba
1290 1859 1380 1901 scru-

227 1924 305 2011 pulo
319 1932 452 1988 careant
467 1944 671 2007 quocunque,
688 1945 724 1986 ac
739 1925 866 2007 nequis
881 1925 915 1987 in
931 1923 1076 1989 futurum
1094 1923 1136 1986 de
1159 1923 1207 1987 eis
1223 1921 1380 1987 dubitare

227 2032 263 2074 se
278 2010 479 2097 praetendere
502 2009 619 2089 valeat,
644 2009 736 2073 vobis
752 2011 902 2073 omnibus
924 2017 957 2073 et
979 2009 1131 2095 singulis,
1148 2017 1181 2072 et
1197 2009 1319 2073 nostris
1342 2011 1378 2073 in
1494 2051 1495 2078 l

227 2096 316 2160 dicto
341 2107 451 2161 nostro
464 2095 615 2181 Collegio
631 2096 870 2160 successoribus
884 2096 1143 2178 quibuscunque,
1157 2096 1380 2180 significamus

227 2190 262 2246 et
291 2183 481 2248 intimamus
509 2204 567 2266 per
595 2190 782 2267 praesentes,
811 2204 931 2266 vosque
958 2204 1129 2246 monemus
1160 2191 1195 2246 et
1229 2190 1379 2246 vestrum

226 2268 409 2354 quemlibet
418 2269 452 2330 in
464 2267 588 2331 virtute
602 2274 719 2330 sanctae
734 2268 927 2332 obedientiae
943 2289 979 2332 ac
993 2268 1028 2330 in
1037 2271 1103 2332 vim
1114 2271 1380 2356 juramentorum

228 2361 414 2418 vestrorum
437 2354 473 2416 in
501 2354 619 2416 vestris
642 2353 890 2418 admissionibus
915 2377 1056 2441 pervus
1085 2356 1317 2441 praestitorum,
1342 2380 1380 2420 ac
1494 2434 1495 2443 χ

221 2440 321 2526 juxta
342 2441 418 2518 vim,
445 2441 590 2516 formam,
616 2446 812 2504 statutorum
840 2442 1078 2526 praedictorum,
1102 2441 1248 2527 praefatis
1280 2442 1380 2507 dictis

225 2526 407 2597 sententiae,
416 2524 638 2597 declarationi,
650 2526 907 2610 interpretationi
922 2533 956 2589 et
969 2527 1233 2592 determinationi
1245 2529 1377 2606 nostris,

225 2611 259 2673 in
284 2611 446 2688 omnibus,
471 2612 615 2696 pareatis
635 2619 667 2675 et
692 2612 858 2685 obediatis,
881 2620 1028 2676 vestrum
1042 2610 1167 2697 singuli
1187 2623 1328 2699 pareant
1344 2623 1379 2679 et

226 2697 382 2760 obediant
409 2718 482 2759 cum
516 2696 646 2761 effectu.
692 2695 733 2759 ln
764 2700 855 2783 cujus
884 2700 932 2762 rei
968 2701 1198 2776 testimonium,
1228 2700 1377 2785 sigillum

226 2789 376 2845 nostrum
390 2782 609 2867 praesentibus
624 2782 745 2868 apponi
761 2783 905 2848 fecimus.
946 2784 1071 2849 Datum
1082 2795 1175 2850 sexto
1187 2785 1242 2851 die
1256 2788 1378 2851 mensis

225 2868 247 2932 J
254 2868 323 2940 ulii,
353 2890 437 2931 anno
474 2867 609 2932 Domini
646 2867 830 2943 millesimo,
857 2870 935 2953 quin
962 2871 1129 2951 entesimo‚
1168 2875 1377 2960 sexagesimo

224 2953 378 3031 secundo,
394 2962 429 3019 et
443 2962 563 3018 nostrae
579 2954 820 3019 Translationis
835 2893 960 3019 secund
1492 2962 1494 2965 ’

1065 3042 1152 3108 Ros.
1168 3044 1329 3110 ll’rurou.

253 3248 381 3312 Robati
392 3244 502 3311 Home
514 3246 660 3331 Episcopi
676 3248 889 3311 Wutenieuais
902 3249 1110 3332 interpretatio
1122 3250 1158 3313 de
1172 3248 1344 3315 necessario

562 3334 721 3415 Repudio,
740 3334 817 3395 10¹¹¹⁰
828 3332 921 3395 Febr.
939 3331 1031 3396 1569.

269 3440 448 3527 Touching
473 3440 531 3506 the
546 3443 697 3527 question
711 3444 751 3507 of
770 3444 874 3507 doubt
890 3444 963 3508 that
985 3468 1048 3531 you
1071 3468 1164 3509 move
1187 3448 1291 3512 about
1318 3448 1374 3515 the

226 3530 307 3593 time
337 3527 375 3590 of
392 3528 546 3611 entering
567 3528 639 3590 into
663 3529 755 3613 Holy
774 3528 907 3609 Orders,
931 3532 947 3593 Ι
970 3532 1055 3595 have
1080 3532 1270 3597 considered
1293 3557 1375 3619 your

225 3611 407 3679 Founder's
435 3619 561 3675 statute
597 3611 749 3698 capas,
766 3614 829 3677 aud
854 3614 1025 3680 therewith
1050 3617 1133 3681 have
1149 3619 1298 3704 weighed
1322 3621 1373 3686 his

225 3700 385 3782 meaning
399 3707 433 3761 to
447 3698 536 3762 what
548 3701 611 3761 end
627 3700 703 3786 only
717 3724 753 3765 or
776 3700 892 3787 chiefly
908 3701 949 3764 he
964 3704 1109 3767 founded
1135 3705 1208 3769 that
1223 3704 1373 3793 Collega,
1476 3760 1482 3773 .

224 3784 327 3851 which
341 3783 383 3847 he
397 3782 534 3847 himself
548 3784 713 3849 declareth
730 3787 813 3873 Cap.
829 3787 868 3849 21
885 3790 917 3850 in
934 3787 1086 3854 herbario
1101 3792 1142 3867 3;
1160 3792 1226 3854 and
1242 3791 1372 3859 thereto

226 3874 241 3935 l
272 3871 355 3935 hare
385 3868 493 3934 added
522 3870 574 3934 his
602 3893 671 3934 own
696 3872 952 3957 interpretation
981 3876 1087 3954 made,
1111 3877 1143 3937 in
1167 3877 1373 3943 conclusione
1413 3887 1415 3895 ’

224 3966 436 4030 statutorum,
451 3960 484 4020 in
501 3955 594 4024 these
610 3956 724 4036 words,
752 3969 773 3994 “
783 3959 943 4023 Nolentes
959 3962 1045 4044 quod
1060 3983 1120 4047 per
1141 3962 1281 4046 aliquam
1296 3982 1373 4028 eon'-
1492 3972 1495 3985 ¹

224 4044 445 4121 suetudinem,
467 4043 616 4113 abusum,
643 4044 697 4107 vel
722 4054 827 4109 actum
853 4047 995 4129 aliquem
1018 4070 1252 4133 quemcunque,
1267 4049 1373 4115 inten-

224 4132 305 4194 tioni
321 4139 378 4194 aut
387 4131 495 4194 verbis
507 4130 653 4215 ipsorum
667 4138 865 4194 statutorum
886 4144 1068 4196 nostrorum
1085 4144 1118 4198 et
1127 4135 1371 4201 ordinationum
1492 4170 1495 4177 ·

224 4217 257 4278 in
283 4215 393 4299 aliquo
409 4215 621 4301 derogetur.''
667 4215 748 4278 And
772 4215 895 4301 calling
920 4225 954 4280 to
978 4221 1294 4305 myremcmbrance
1315 4223 1371 4287 the
1492 4280 1495 4291 .

224 4302 303 4361 time
326 4300 365 4361 of
381 4322 552 4387 necessary
567 4324 716 4387 regeoey‚
732 4323 770 4363 as
792 4302 818 4363 it
834 4324 895 4363 uras
918 4302 1041 4365 limited
1068 4306 1101 4366 in
1124 4303 1177 4367 his
1200 4305 1280 4369 time
1305 4310 1371 4374 and

223 4382 302 4465 long
327 4382 438 4447 before
461 4386 542 4449 both
567 4388 600 4449 in
627 4386 829 4470 Cambridge
846 4386 912 4449 and
933 4387 1072 4462 Oxford,
1097 4389 1115 4454 I
1141 4388 1184 4453 do
1207 4396 1372 4476 persuade
1485 4364 1495 4505 ἶ
