3000 4700
267 216 405 286 scas
418 218 585 305 ccmo
603 217 722 286 cnse
739 221 865 306 osup,
884 223 1015 307 ossan
1175 225 1217 291 ss

61 374 171 451 horas,
200 388 338 466 regente
363 391 398 448 et
427 384 461 447 in
491 383 541 447 sui
570 383 695 449 virtute
714 386 898 472 juramenti
919 385 1092 452 erudiente
1114 386 1149 450 in
1176 386 1217 451 il·

61 462 101 526 lis
129 463 430 549 disceptationibus
452 469 591 534 Lectore
617 491 715 535 sacrae
746 471 931 559 theologia,
956 481 992 537 et
1013 495 1053 537 eo
1081 473 1216 538 absente

1 566 5 582 ·
61 549 200 618 Dccano
222 552 405 640 theologia,
421 563 455 622 et
484 563 623 640 utroque
647 560 791 632 absente,
807 559 904 626 Socio
917 560 1059 624 mamma
1076 561 1215 624 seniore.

61 635 196 710 Quibus
238 639 534 742 disceptationibus
565 645 720 709 intersint
753 667 866 709 omnes
895 644 1043 733 theologi
1072 645 1217 733 predicti

62 733 97 787 et
108 725 282 811 replicent,
299 728 422 812 alioqui
436 750 496 816 per
508 728 743 796 Praesidentem
752 731 1102 817 Vicepraesidentemre
1139 733 1214 796 nni-

62 819 173 876 antur.
222 812 321 886 Quod
337 815 367 879 si
379 837 494 880 cortun
509 815 583 898 quis
607 817 684 889 iam,
700 816 824 900 absque
838 839 938 883 causa
952 754 1140 883 rationabili
1152 840 1213 905 per
1226 834 1378 894 Penntytor

64 895 301 964 Praesidentem
322 911 382 966 aut
401 837 715 988 Vicepraesidentem
737 910 772 968 et
798 903 966 968 Decanum
986 904 1213 990 approbanda,
1226 894 1340 941 ’ΜΝ

62 985 105 1046 ab
121 1005 237 1048 earum
254 985 365 1069 aliqua
378 988 533 1061 abfuerit,
550 988 578 1052 is
604 1010 664 1074 per
689 990 945 1055 subtractionem
968 1011 1214 1055 communarum

61 1090 212 1149 suarum,
229 1072 411 1138 secundum
435 1073 656 1157 quantitatem
676 1073 789 1139 delicti
811 1084 845 1140 ct
866 1076 1086 1159 frequentiam
1107 1075 1213 1140 delin-

2 1195 3 1202 ι
61 1155 196 1237 quendi,
210 1158 391 1223 secundum
401 1161 537 1224 formam
546 1160 582 1224 in
595 1168 723 1226 statuto
738 1169 852 1226 contm
862 1163 1033 1227 vernacule
1041 1162 1213 1244 loquentes

60 1243 277 1315 constitutam
293 1253 328 1310 et
339 1244 546 1333 descriptam,
561 1247 730 1333 puniatur.
778 1249 824 1312 Et
836 1248 867 1312 si
880 1250 926 1313 sic
941 1270 1007 1313 non
1021 1247 1213 1314 emendare·

61 1326 117 1408 rit,
134 1327 230 1394 deter
244 1331 278 1394 ei
299 1353 361 1418 pro
375 1354 475 1420 poena
500 1333 657 1420 injunctio
670 1340 712 1396 ut
733 1332 894 1398 adsedem
911 1335 999 1399 Petri
1014 1335 1048 1398 in
1064 1333 1213 1409 Quadra·

1 1470 2 1473 ,
63 1415 208 1500 gessima
238 1419 387 1503 proxima
413 1418 547 1506 publice
575 1419 741 1506 praedicet,
772 1421 843 1485 sine
873 1420 1132 1486 contradictione
1156 1429 1215 1486 aut

62 1503 266 1587 exceptione,
288 1512 348 1570 aut
371 1505 440 1570 alia
462 1505 626 1592 injunctio
648 1505 834 1570 consimilis.
881 1506 1089 1595 AdJicientes
1112 1515 1152 1572 ut
1177 1508 1212 1571 in
1225 1512 1254 1558 111
1274 1525 1330 1584 φο
1350 1513 1381 1557 ⁰f

62 1593 212 1687 tempore
229 1591 343 1676 pestis,
358 1591 388 1656 si
408 1593 512 1678 major
525 1613 602 1678 pars
620 1591 850 1678 theologorum
873 1616 950 1659 rnre
967 1594 1132 1681 persistat,
1154 1594 1215 1658 fiat
1225 1571 1366 1632 W·

62 1671 338 1826 llblladispumio
365 1686 401 1743 et
430 1677 531 1744 ctiam
558 1677 679 1743 Bibliae
707 1680 878 1764 expositio,
908 1690 944 1746 et
972 1680 1060 1746 domi
1088 1680 1216 1747 interea

61 1779 84 1822 n

293 1897 371 1984 Cap.
386 1897 440 1964 24.
463 1901 516 1965 De
528 1911 658 1986 tempore
673 1901 846 1965 meumesdi
860 1903 989 1986 produc.

1 2067 2 2076 ι
106 2019 290 2106 Cupientes
311 2028 500 2106 operatores
522 2029 556 2087 et
579 2022 796 2087 benemeritos
816 2021 864 2086 ad
886 2021 1006 2087 altiora
1024 2021 1214 2108 provehere,

62 2114 232 2194 torpentes
247 2128 324 2172 vere
338 2115 374 2172 et
386 2107 519 2173 desides
534 2115 592 2174 aut
618 2108 755 2194 abigere
768 2116 827 2172 aut
849 2108 1009 2256 inglorios
1022 2107 1215 2192 relinquere,

62 2194 235 2258 statuimus
258 2202 297 2258 nt
314 2194 453 2279 unusqu'
495 2215 538 2258 ue
559 2194 672 2260 Socius
688 2193 741 2258 vel
762 2193 888 2278 discipu
901 2215 940 2258 us
957 2195 1016 2278 qui
1035 2193 1214 2258 triennium
1226 2223 1350 2273 ms„

62 2280 185 2346 autad
216 2302 379 2346 summum
407 2303 450 2366 qu
495 2281 658 2346 rienninm
688 2280 721 2343 in
744 2280 910 2367 sophistis
932 2288 969 2344 et
992 2280 1109 2369 logicis
1139 2283 1313 2346 con-“kint
1332 2298 1348 2330 ⁸

0 2372 1 2375 ’
62 2367 214 2454 sumpsit,
223 2366 252 2431 si
269 2366 469 2433 Prasidenti
483 2374 518 2433 ct
529 2368 816 2455 Viceproesidenti,
828 2368 970 2432 Decanis
981 2375 1016 2433 et
1031 2368 1213 2456 Dispensa·
1225 2342 1368 2463 fflf'f'

62 2454 203 2527 toribus,
212 2453 523 2521 autPraesidentict
535 2453 820 2538 Viceproesidenti,
834 2455 894 2518 uni
910 2457 1053 2534 Decanu
1065 2456 1126 2519 uni
1136 2455 1214 2519 Dis-

103 2540 241 2618 nestori,
253 2548 288 2605 et
298 2540 429 2607 duobus
444 2540 519 2605 aliis
530 2562 573 2605 ex
588 2563 603 2604 s
648 2548 716 2604 tem
729 2541 874 2605 maxime
889 2541 1073 2606 senioribus
1085 2549 1164 2605 tunc
1178 2542 1214 2605 in

61 2562 292 2727 llnivqrstuts
306 2627 537 2713 presentibus,
550 2632 611 2691 aut
655 2626 824 2726 residenti
837 2634 872 2691 et
885 2626 1161 2714 Vicepraesidenti
1182 2636 1217 2692 et

60 2711 1218 2885 lilibdlitii'li‘libell‘iiniffillaiid‘iiiiiuffi
1275 2863 1278 2868 ,

62 2886 105 2951 ad
119 2907 198 2951 eum
210 2884 350 2973 gradum
364 2886 451 2951 intra
465 2907 524 2950 sex
538 2906 669 2949 menses
682 2893 933 2972 promoveatur:
957 2893 1036 2950 ante
1046 2908 1124 2950 vero
1130 2907 1217 2949 eom-

60 2972 191 3059 pletum
218 2981 257 3037 ut
284 2973 503 3058 premittitur
530 2971 710 3036 triennium
739 2971 833 3035 nullo
855 2979 964 3057 pacto.
1030 2970 1217 3035 Observan-

61 3058 144 3125 dum
157 3080 288 3144 semper
302 3059 338 3121 in
351 3059 503 3124 omnibus
518 3068 567 3135 ut,
585 3066 663 3123 ante
684 3057 809 3145 gradus
830 3058 1059 3135 ascensionem,
1074 3056 1168 3142 legat
1182 3063 1217 3120 et

60 3144 220 3232 explanet
233 3146 457 3229 unusquisque
479 3143 612 3228 aliquod
630 3167 715 3230 opus
728 3144 783 3209 vel
795 3143 938 3227 aliquam
952 3150 1081 3229 partam
1099 3142 1217 3207 saltem

62 3231 182 3319 (veluti
201 3253 306 3299 unum
318 3231 485 3314 volumen)
511 3231 649 3317 alicujus
665 3230 781 3295 Latini
794 3237 914 3315 poetae,
928 3228 1067 3293 oratoria
1081 3227 1136 3292 rel
1149 3227 1218 3291 bis-

61 3318 167 3396 torini,
183 3339 282 3400 quem
307 3325 406 3384 antea
429 3316 568 3396 audivit,
587 3323 644 3380 aut
666 3314 782 3380 audire
801 3314 923 3415 potuit,
936 3313 979 3379 ad
1004 3312 1217 3378 Praesidentis

62 3413 124 3471 aut
136 3426 178 3469 cn
193 3404 331 3469 absente
346 3403 638 3490 Vicepraesidentis
659 3402 924 3488 assignationem.
970 3400 1057 3465 Socii
1070 3421 1147 3465 vero
1162 3399 1217 3465 vel
1229 3396 1345 3503 putus

61 3490 221 3578 discipuli
244 3491 439 3575 quicunque,
455 3489 667 3555 Baccalaurei
687 3488 818 3561 artium,
833 3488 1000 3575 completo
1027 3487 1119 3588 prins
1140 3495 1218 3575 post
1246 3470 1329 3520 “¹⁸“

62 3576 204 3664 gradum
229 3577 504 3643 Baccalaurcatus
534 3584 570 3643 et
597 3574 891 3640 determinationes
922 3575 1065 3640 triennio
1091 3573 1219 3640 autad

0 3722 1 3727 ,
62 3685 231 3729 summum
254 3662 479 3747 quadriennio,
495 3685 532 3728 ac
550 3662 660 3727 formis
682 3663 717 3726 in
735 3661 963 3727 Universitate
985 3661 1161 3735 consuetis,
1184 3668 1220 3727 et

62 3750 208 3834 aliquem
223 3750 348 3817 librum
358 3752 442 3836 (sive
457 3749 609 3815 volumen
622 3749 755 3835 saltem)
769 3747 890 3834 logicas
906 3750 1034 3813 Graecae
1047 3747 1101 3812 vel
1108 3746 1221 3897 Xhilo·

62 3836 191 3923 sophias
201 3836 337 3916 Graecae,
346 3860 444 3922 quem
451 3836 583 3901 audivit
598 3843 657 3900 aut
672 3832 788 3899 audire
795 3835 919 3923 potuit,
977 3834 1107 3900 rPraesi
1130 3834 1220 3899 eutis

62 3932 122 3989 aut
152 3944 191 3987 co
213 3923 351 3989 absente
373 3920 663 4011 Vicepraesidentis
686 3921 928 4000 limitationem,
969 3942 1026 3985 ora
1047 3927 1081 3984 et
1105 3920 1177 3983 loco
1198 3940 1219 3982 a

1 4028 17 4037 ”
63 4008 232 4098 praedictis
256 4010 426 4097 assignato
453 4009 653 4163 explanavit,
677 4006 854 4072 dummodo
875 4029 937 4093 per
960 4005 1218 4093 prenominatos

62 4096 181 4163 codem
201 4095 300 4162 modo
327 4096 423 4185 digni
444 4105 479 4163 et
526 4094 631 4161 abilcs
649 4093 851 4181 judicentur,
871 4091 913 4158 ad
936 4091 1077 4179 gradum
1099 4090 1219 4177 magis·

60 4193 169 4249 tratus
193 4182 280 4248 intra
305 4204 361 4249 sex
390 4204 518 4248 menses
546 4189 807 4269 promoveantur.
862 4180 895 4244 N
899 4201 935 4243 ec
963 4178 1078 4243 licebit
1101 4178 1220 4241 Bacca-

61 4270 186 4337 laureis
208 4266 401 4356 hujusmodi
425 4268 496 4335 ulla
519 4268 627 4355 gratia
650 4276 708 4333 aut
723 4265 968 4354 dispensatione
983 4263 1220 4328 Universitstis

61 4358 123 4429 uti,
142 4355 208 4419 nisi
229 4378 289 4442 pro
314 4356 432 4421 auditu
455 4354 696 4422 ordinariorum
711 4361 746 4420 et
770 4375 830 4417 sua
852 4352 1009 4416 librorum
1030 4351 1171 4415 lectione
1184 4353 1219 4414 in

61 4443 191 4511 scholis.
237 4443 375 4507 Artium
387 4464 517 4526 quoque
541 4440 706 4523 Magistri,
722 4460 836 4505 omnes
858 4446 893 4503 et
913 4437 1051 4526 singuli,
1072 4446 1219 4524 tompore
