3000 4700
299 153 435 223 &uuas
448 160 488 242 os
500 158 618 244 Corpus
636 159 755 225 Christi
771 159 897 246 vellepe,
917 164 1045 248 Oasord.
1205 168 1247 235 77

9 332 25 394 ζ,
88 317 267 398 qualitate,
284 321 472 405 quantitate
486 332 548 388 aut
561 324 683 409 pretio,
698 325 877 393 statuimus
890 337 926 392 et
942 327 1090 394 volumus
1103 341 1143 395 ut
1161 351 1249 396 unus
1259 348 1283 393 A
1293 349 1366 396 sena

16 412 19 419 '
88 405 197 468 nostri
221 405 363 493 Collegii
386 408 500 472 Sosius
522 409 720 495 graduatus,
740 433 807 476 uon
829 411 1097 500 Viceprasidens,
1124 417 1247 483 Ductor
1259 408 1411 512 ⁸⁰h⁸ll⁰2ff

90 488 268 577 theologia
291 515 351 557 nec
372 494 616 574 Baccalaureus,
632 495 852 582 Dispensator
875 520 933 562 nec
951 500 1071 565 Lector
1085 503 1246 588 publicus,
1259 480 1372 572 berlindis.
1396 480 1411 512 Θ

10 632 11 635 ,
90 576 165 640 viee
183 600 246 641 sua
260 588 295 642 et
309 579 426 644 ordine
448 579 625 646 secundum
645 583 786 668 gradum
808 584 975 663 servando,
999 587 1048 651 ita
1071 598 1109 652 ut
1131 590 1248 654 absens

88 684 170 726 cum
188 664 326 731 redierit
341 665 445 732 vicem
468 689 562 732 suam
584 669 750 754 suppleat,
774 669 817 732 sit
836 671 1075 737 esculentorum
1096 683 1129 742 et
1144 676 1248 740 victu·

91 747 199 812 alium
218 751 367 816 omnium
381 753 417 819 in
431 752 488 816 illa
510 753 718 818 hebdomada
740 755 951 820 emendorum
973 760 1182 843 supervisor;
1213 772 1248 826 et

92 835 311 912 senescallus,
326 860 401 902 cum
425 841 648 925 supervisione
670 852 704 904 et
719 840 933 926 dispositione
948 842 1089 907 duorum
1106 847 1247 945 Dispen-

9 963 23 1007 3·
90 931 319 992 satorumaut
334 924 450 989 saltem
466 925 576 1000 unius,
593 948 699 990 coram
718 926 929 1005 Praesideute,
946 929 1058 1007 Sociis,
1075 940 1108 994 et
1125 931 1198 996 alirs
1212 934 1246 996 in

91 1007 200 1090 primo
215 1008 340 1087 ordine,
356 1011 487 1096 patinas
502 1023 658 1097 apponat.
704 1013 890 1077 Particulas
905 1036 1032 1097 quoque
1047 1017 1193 1081 omnium
1213 1029 1251 1083 et

8 1096 14 1243 p
90 1093 303 1178 singularum
322 1097 535 1182 emptionum,
553 1098 784 1182 provisionum,
806 1109 841 1163 et
861 1122 1078 1184 expensarum
1092 1125 1248 1184 quarum·

90 1201 221 1261 cunque
230 1203 290 1267 pro
300 1181 360 1245 illa
368 1183 559 1280 septimana,
570 1194 605 1247 et
614 1184 1248 1269 nominaflpraesentiumacextrsueorum

8 1254 16 1303 l
91 1264 137 1327 ad
162 1287 245 1329 onus
270 1267 413 1354 Collegir
437 1279 650 1354 receptorum,
677 1291 778 1334 manu
798 1293 859 1334 sua
880 1271 1005 1337 scribat
1018 1274 1080 1351 vel,
1098 1275 1247 1358 legitime

9 1364 12 1479 p
92 1351 287 1436 impeditus,
303 1375 364 1438 per
378 1354 481 1419 alium
496 1356 627 1419 Socium
642 1378 705 1419 non
721 1355 988 1441 Dispensatorem
1012 1360 1111 1424 scribi
1128 1360 1247 1439 faciat3

92 1446 128 1500 et
150 1438 186 1500 in
200 1437 256 1502 die
276 1439 426 1518 Veneris,
454 1443 484 1506 si
505 1441 674 1506 commode
693 1441 769 1505 fieri
789 1443 923 1527 poterit,
943 1453 1002 1508 aut
1023 1444 1065 1510 ad
1085 1469 1248 1511 summum

8 1556 21 1615 q
92 1522 150 1587 die
186 1524 337 1604 Sabbati,
367 1526 455 1591 adsit
482 1550 557 1592 cum
586 1526 875 1626 Dispensatoribus
904 1540 938 1594 et
968 1529 1180 1611 Obsonatore,
1205 1533 1247 1597 de

90 1609 233 1694 singulis
243 1612 475 1697 emptionibus,
485 1614 723 1700 provisionibus
734 1623 768 1679 et
777 1616 935 1699 expensis,
947 1615 1050 1700 ipsius
1059 1619 1248 1702 septimana

91 1695 240 1760 fideliter
249 1709 382 1762 acturus
392 1699 573 1764 etvisurus.
619 1700 691 1764 Nec
699 1699 797 1764 liceat
807 1701 959 1783 cuiquam
977 1702 1248 1788 Dispensatorum

94 1791 157 1845 aut
182 1782 243 1846 alii
265 1783 380 1863 cuivis,
404 1785 437 1848 iu
454 1787 580 1850 virtute
589 1785 783 1870 juramenti,
800 1786 973 1850 Senesoalli
987 1788 1071 1852 libro
1085 1790 1185 1853 semel
1199 1791 1249 1854 in-

8 1834 15 1913 l
92 1869 219 1953 scripto
228 1880 346 1954 postea
355 1870 496 1935 inserere
505 1893 622 1934 nomen
637 1871 779 1956 alicujus
791 1872 850 1952 qui
863 1872 1006 1937 abfuerit
1017 1895 1077 1958 pro
1086 1878 1246 1959 prasenti,

9 1956 10 2051 l
92 1965 155 2019 aut
172 1956 323 2020 extranei
338 1957 438 2022 ullius
454 1956 576 2022 addere
591 1978 718 2020 nomen.

289 2085 370 2173 Cap.
388 2087 441 2152 33.
465 2089 517 2151 De
531 2089 640 2151 mensis
654 2089 863 2151 Praesidentis
877 2089 1060 2152 elatiorem.

141 2209 198 2272 Ne
218 2209 390 2292 quisquam
414 2201 600 2275 nostrorum
623 2231 696 2273 cum
719 2209 837 2276 rubore
850 2220 885 2274 et
908 2209 1105 2274 verecundia
1129 2211 1246 2278 audiat

94 2294 179 2359 illud
188 2295 439 2383 Evangelicum,
449 2301 468 2332 “
480 2295 649 2361 Descende
664 2295 767 2361 frater
779 2297 931 2361 recumbe
945 2295 1007 2362 boc·
1019 2297 1096 2363 loco.
1133 2298 1200 2375 Qui
1210 2321 1245 2365 se

94 2382 223 2448 exaltat
237 2382 499 2463 humiliabitur,’'
510 2383 738 2447 collocabimus
747 2404 1009 2465 unumquemque
1018 2385 1116 2449 insua
1125 2406 1245 2451 mensa.
1257 2404 1342 2452 Places
1351 2410 1378 2451 st

7 2462 15 2484 ’
95 2469 292 2533 Statueotes
307 2480 345 2534 ut
359 2470 402 2534 ad
416 2469 632 2555 principalem
653 2491 796 2533 mensam
812 2468 1023 2555 insuperiori
1045 2480 1139 2556 parte
1160 2472 1246 2537 aulae
1257 2465 1331 2513 ‘⁸¹³¹‘-

94 2554 232 2619 sedeant
261 2555 439 2620 Prasidens
463 2577 500 2619 ao
514 2554 774 2641 Vicepraesidens
798 2564 832 2618 et
848 2555 964 2619 Lector
987 2555 1021 2618 in
1045 2578 1135 2621 sacra
1154 2557 1246 2622 theo-

95 2642 187 2726 logia
211 2640 254 2704 ad
276 2664 380 2705 unum
402 2663 476 2708 cum
492 2663 530 2705 co
544 2641 714 2718 ferculum,
732 2640 797 2706 nisi
817 2640 925 2705 adsint
947 2642 1097 2705 extranei
1117 2643 1245 2728 judicio

97 2726 310 2792 praesidentis
327 2738 386 2794 aut
409 2750 448 2791 eo
471 2728 606 2794 absente
629 2725 914 2811 Vioepreesidentis
940 2727 1141 2813 praeferendi.
1196 2730 1246 2795 Et

96 2811 308 2891 Praesidente,
330 2813 600 2900 Vieepraesidente
617 2822 677 2880 aut
697 2812 838 2877 Lectore
859 2812 1022 2895 praedicto,
1050 2825 1108 2879 aut
1133 2838 1246 2881 eorum

15 2922 23 2939 ⁴·
95 2900 223 2985 aliquo,
234 2900 437 2979 absentibus,
447 2908 599 2964 convocet
611 2898 744 2962 illorum
757 2899 965 2983 praeentiam
972 2901 1177 2985 praestantior
1188 2902 1244 2965 ab·

96 2987 243 3050 sentium
263 2987 333 3050 loco
352 2986 519 3062 Doctores,
544 2983 777 3049 Baccalaureos
800 2983 979 3068 theologiae,
995 2994 1053 3048 aut
1069 2984 1149 3047 alios
1163 3008 1245 3072 quos

96 3071 273 3137 duxeritd'
323 3072 404 3136 ‘ores
419 3082 601 3157 praesentes.
647 3069 786 3146 Deinde,
799 3070 900 3133 etiam
914 3069 958 3133 ad
968 3092 1110 3133 mensam
1148 3071 1244 3135 rinei·

7 3212 13 3231 ‚
96 3159 218 3245 palem,
234 3094 370 3223 scldddnt
386 3157 507 3243 reliqui
520 3180 616 3225 sacrae
627 3154 798 3241 theologia
807 3156 961 3219 Doctores
976 3166 1010 3220 et
1022 3093 1243 3223 Baccalruret

99 3247 144 3309 Et
159 3244 203 3309 ad
217 3244 387 3309 lateralem
401 3266 544 3309 mensam
559 3264 600 3309 ex
614 3241 732 3306 dextra
745 3251 840 3325 parte
854 3240 937 3305 aula
943 3239 1081 3307 sedeant
1092 3240 1246 3327 Magistri

96 3332 233 3408 artium,
264 3331 299 3393 in
329 3328 496 3415 theologia
524 3328 661 3394 minime
690 3326 857 3412 graduati,
881 3348 918 3389 ac
941 3325 1096 3393 Lectores
1125 3327 1246 3413 lingua

99 3419 222 3482 Graecae
250 3426 283 3482 et
309 3415 538 3495 humanitatis,
568 3415 637 3487 sine
665 3412 798 3477 delectu
834 3421 893 3477 aut
928 3412 1144 3479 vindicatione
1173 3415 1246 3481 loci.

8 3532 23 3572 1·
99 3503 241 3581 Deinde,
253 3502 298 3566 sd
311 3503 454 3589 primam
468 3500 637 3566 lateralem
652 3520 795 3567 mensam
806 3521 847 3564 cx
856 3498 990 3564 sinistra
1001 3511 1095 3586 parte
1105 3500 1187 3565 aulae
1196 3523 1246 3565 se·

98 3590 202 3656 deaut
211 3588 425 3675 reliquiSocii
435 3598 470 3654 et
478 3587 638 3652 scholares
647 3585 909 3651 intrabiennium
917 3586 1172 3673 probationis,et
1180 3586 1257 3653 duo.

97 3675 244 3741 ministri
266 3675 376 3739 sacelli
389 3673 583 3752 sacerdotes,
597 3673 698 3738 etiam
717 3673 787 3735 sine
806 3672 937 3737 delectu
956 3683 1017 3737 aut
1027 3673 1247 3739 vindicatione

8 3819 22 3841 ,,
95 3763 172 3827 loci.
221 3760 362 3839 Deinde,
386 3760 430 3824 ad
443 3760 524 3824 alias
547 3781 673 3823 mensas
694 3780 736 3823 ex
750 3769 828 3823 utra
851 3781 893 3822 ue
916 3770 1011 3842 parto
1027 3759 1165 3825 sedeant
1179 3759 1246 3823 dis-

98 3849 203 3937 cipuli
218 3859 254 3913 et
268 3847 388 3933 reliqui
403 3847 470 3911 duo
481 3846 624 3911 ministri
638 3844 759 3909 sacelli.
802 3781 858 3907 Ab
874 3866 1018 3909 mensam
1028 3867 1104 3910 vero
1118 3846 1247 3929 potario

97 3947 132 4001 ct
162 3935 300 4022 panario
328 3934 511 4019 propiorem
533 3931 669 3995 sedeant
691 3930 758 3995 duo
781 3928 1029 4015 Dispensatorea
1050 3940 1110 3995 aut
1133 3951 1246 3995 eorum

98 4021 264 4108 deputati,
278 4019 516 4084 senescallus'et
525 4017 658 4083 clericus
668 4016 823 4101 computi,
839 4025 909 4092 aut,
925 4036 963 4079 eo
976 4016 1119 4094 absente,
1135 4015 1247 4079 Socius

15 4136 23 4149 ·
98 4130 199 4195 quem
227 4106 421 4171 senescallus
456 4127 529 4168 cum
566 4125 721 4168 consensu
759 4101 1030 4187 Dispensatorum
1068 4100 1246 4166 accerserit.

97 4195 231 4274 Quibus
251 4192 405 4257 omnibus
425 4190 469 4255 ad
492 4189 603 4255 aulam
618 4210 676 4275 per
697 4208 886 4271 (campanam
909 4187 961 4251 vel
985 4185 1048 4251 alio
1069 4209 1144 4251 sono
1166 4187 1398 4255 horaservieeos

7 4274 16 4287 ”
97 4282 212 4347 debita
220 4278 401 4347 convocatis
415 4287 449 4341 et
457 4274 671 4341 cumsilentio
680 4273 881 4351 sedentibus,
890 4272 1043 4337 volumus
1053 4283 1093 4338 ut
1101 4273 1249 4339 celeriter
1259 4265 1333 4312 “Mb

8 4426 16 4451 ,
98 4376 308 4455 opponantur
321 4364 413 4429 cibus
428 4374 463 4427 et
474 4370 575 4447 potus
589 4382 648 4446 per
662 4357 890 4436 senescallum,
903 4358 1137 4443 adjuvantibus
1159 4360 1248 4423 Prae-
