3000 4700
309 181 444 246 &aaa
456 183 496 265 of
504 182 625 266 ,Corpus
643 180 761 247 Oenei
778 183 903 268 Collega,
924 185 1051 268 Osford.
1211 185 1252 252 87

1 364 18 413 >
102 346 181 404 vcro
199 341 443 421 Praesidentem,
462 344 573 410 Socios
588 352 649 409 aut
672 345 764 422 alios
780 347 895 410 missos
919 370 979 434 pro
1001 349 1193 412 necessitate
1215 357 1248 413 et
1263 370 1375 417 sternens
1389 369 1418 414 of

103 426 249 491 utilitate
264 428 404 514 Collegii
420 430 525 494 autin
542 431 683 517 negotiis
697 431 857 518 ejusdem,
874 433 1062 498 infirmitate
1078 435 1166 498 brevi
1189 444 1248 498 aut
1261 429 1390 534 ,ffflffessl

103 511 240 576 laesione
263 515 397 602 alicujus
412 517 560 597 membri,
581 528 620 583 ut
635 541 676 582 ex
689 541 768 582 casu
783 520 826 582 ab
845 542 927 602 equo
950 532 983 586 et
998 521 1168 586 ‘similibus
1184 522 1248 592 for·
1261 503 1388 594 absistens

103 599 209 677 tuitis,
223 623 298 686 quae
318 603 539 667 verisimiliter
560 605 590 666 ei
611 601 674 668 non
691 605 881 671 accidissent
899 606 974 670 siin
998 630 1036 671 eo
1058 608 1174 670 itinere
1191 619 1249 673 aut
1261 607 1358 710 polege

102 687 249 769 negotiis
265 710 329 750 non
345 689 472 767 fuisset,
495 690 644 754 laborare
658 691 840 776 contingat,
859 701 937 756 tunc
952 694 1148 760 sustentatio
1162 715 1248 758 com·
1279 679 1379 712 ⁰⁸¹¹¹⁰⁵⁸'

100 784 219 856 petens
235 773 267 836 ei
282 773 324 837 de
339 775 434 838 bonis
451 776 592 862 Collegii
606 777 818 849 ministretur,
840 779 1020 842 secundum
1042 782 1111 865 ejus
1127 789 1248 844 statum

101 866 136 920 et
164 859 307 942 gradum
338 871 373 926 et
402 863 601 926 infirmitatis
629 865 833 946 qualitatem.
880 866 931 928 Ae
958 867 1057 930 etiam
1087 887 1145 951 pro
1175 873 1249 952 ejus

100 945 269 1010 curatione
292 969 330 1010 ac
354 947 525 1012 medicinis
546 950 738 1013 necessariis
762 951 911 1028 satisfiat,
926 952 1105 1014 seeundum
1130 953 1247 1016 disere·

100 1031 224 1094 tionem
252 1033 476 1114 Praesideutis,
505 1045 562 1098 aut
584 1057 624 1098 eo
654 1036 791 1102 absente
820 1036 1120 1122 Vicepraesidentis‚
1148 1040 1247 1102 unius
1329 1109 1331 1114 ,

99 1113 231 1180 Decani
245 1127 280 1183 et
289 1120 384 1184 unius
393 1120 662 1202 Dispensatoris3
678 1121 855 1186 dnmmodo
868 1132 977 1188 tamen
992 1146 1051 1209 per
1063 1121 1248 1188 evidentias

98 1210 136 1266 et
164 1205 375 1288 probationes
395 1208 503 1293 justas
531 1207 699 1293 praedietis
730 1209 927 1287 eonstiterit,
957 1209 1044 1292 quod
1072 1211 1246 1275 infirmitas

96 1287 288 1375 huJusmodi
303 1293 375 1356 fieta
389 1315 454 1357 non
469 1293 580 1371 fuerit,
590 1294 644 1358 vel
658 1294 752 1358 facile
767 1305 800 1359 et
814 1295 911 1360 citius
926 1295 1033 1359 curari
1048 1317 1112 1360 non
1127 1299 1245 1381 potuit.

98 1374 144 1439 Et
167 1374 256 1440 idem
278 1379 432 1458 infirmus,
458 1403 556 1463 quam
582 1380 647 1444 cito
672 1382 822 1463 equitare
847 1382 978 1468 poterit,
999 1382 1042 1450 ad
1065 1378 1243 1467 Collegium

96 1463 272 1536 redactae
295 1465 492 1530 Praesidenti
516 1475 550 1530 et
570 1467 642 1530 aliis
664 1468 825 1532 officiariis
848 1477 1051 1534 ostensurus.
1099 1470 1143 1532 Et
1167 1479 1245 1534 tunc

96 1549 232 1612 omnino
247 1562 352 1615 cesset
367 1552 436 1616 haee
451 1552 625 1617 subventio
639 1563 775 1639 propter
789 1554 978 1633 medicinas,
1002 1555 1245 1638 nisiquatenus

94 1635 129 1698 in
144 1634 208 1700 hoe
222 1644 348 1701 statuto
363 1659 424 1722 pro
439 1638 513 1703 aliis
527 1639 661 1704 infirmis
672 1648 725 1706 est
740 1642 917 1725 provisum.

117 1752 122 1762 ⁴
182 1771 264 1858 Cap.
280 1772 333 1838 40.
356 1777 409 1839 De
422 1777 624 1860 superoisione
638 1787 791 1840 terrorum
805 1789 833 1842 et
847 1781 993 1864 computis
996 1779 1164 1862 faciendis.

142 1896 281 1982 Experti
303 1898 455 1962 novimus
477 1898 627 1963 redditus
653 1908 687 1963 et
710 1907 890 1984 proventus
914 1922 956 1964 ex
979 1900 1185 1984 negligentia
1211 1909 1244 1964 et

96 1983 220 2046 incuria
232 2005 455 2069 possessorum
471 2006 565 2049 ruere
590 1993 625 2048 et
641 1985 768 2050 delabi:
794 2007 975 2070 verumque
994 1995 1045 2048 est
1067 1984 1150 2049 illud
1166 1985 1242 2049 ada-

95 2069 201 2156 gium,
217 2092 282 2151 quo
296 2071 369 2153 quis
380 2093 401 2134 a
411 2093 472 2134 sua
484 2093 521 2136 re
536 2071 580 2135 sit
596 2071 760 2146 remotior,
771 2094 810 2136 eo
824 2071 1037 2158 propinquior
1048 2080 1099 2135 est
1111 2071 1240 2134 damna.

1 2176 6 2192 ·
97 2155 267 2234 Quocirca,
284 2158 370 2221 utin
384 2158 486 2221 nostri
496 2156 642 2244 Collegii
655 2157 913 2243 possessionibus
929 2157 1029 2233 nulla,
1046 2155 1154 2239 quoad
1169 2158 1238 2220 fieri

93 2243 211 2326 possit,
225 2242 265 2304 sit
276 2249 415 2329 jactura,
428 2244 604 2307 statuimus
614 2243 808 2328 ut,singulis
820 2243 998 2328 annispost
1017 2241 1151 2315 l'aseha,
1168 2244 1238 2307 sine
1253 2261 1390 2332 Yesrtysu·

93 2349 216 2414 magna
231 2328 398 2410 dilatione,
415 2330 472 2394 fiat
488 2329 642 2395 lustratio
655 2339 689 2395 et
705 2331 893 2418 progressio
908 2352 968 2417 per
991 2329 1235 2409 Praesidentem‚
1251 2323 1411 2429 ffiss⁸¹2t¹¹⁰f

93 2415 519 2504 velcolegitimeimpedito
530 2440 589 2502 per
600 2417 925 2503 Vicepraesidentem,
934 2417 987 2481 vel
998 2418 1099 2481 alium
1110 2418 1237 2483 Soeium
1323 2398 1388 2441 '⁰'

93 2523 155 2587 per
176 2502 416 2567 Praesidentcm
439 2510 474 2566 et
499 2508 657 2589 majorem
684 2512 810 2589 partem
836 2505 999 2567 seniorum
1029 2504 1181 2584 electum,
1205 2514 1240 2569 et

92 2588 243 2653 clericum
257 2590 414 2675 computi,
431 2589 575 2654 sitalem
591 2588 775 2665 habuerint,
788 2589 831 2653 ad
847 2590 956 2654 omnia
970 2591 1121 2669 maneria,
1137 2590 1238 2654 bene-

93 2675 177 2754 ficia,
189 2675 300 2755 silvas,
313 2677 436 2748 boscos,
448 2674 491 2739 ad
503 2684 649 2739 nostrum
664 2675 849 2762 Collegium
859 2676 1066 2762 pertinentia,
1076 2676 1109 2739 in
1120 2676 1239 2758 quibus

93 2759 288 2829 Praesidenti
326 2773 358 2824 et
384 2763 501 2848 majori
530 2762 618 2847 parti
645 2762 811 2827 seniorum
839 2761 1030 2847 hujusmodi
1057 2764 1239 2849 supervisio

93 2845 262 2912 videbitur
276 2849 477 2925 necessaria3
493 2869 618 2913 necnon
634 2848 676 2913 ad
692 2849 848 2934 pecunias
865 2848 1015 2933 Collegio
1031 2846 1157 2913 debitas
1172 2872 1239 2913 una

92 2956 166 2997 cum
188 2935 359 3019 arreragiis
385 2933 566 3019 exigendas
591 2944 626 2998 et
648 2933 863 3021 recipiendas,
889 2943 924 2999 et
951 2945 987 2997 ut
1013 2934 1144 2997 ruinosa
1165 2936 1238 2999 refi-

91 3020 230 3094 ciantur,
255 3030 289 3084 et
314 3043 388 3102 quas
411 3021 569 3106 superiori
591 3042 679 3085 anno
706 3029 858 3107 reparata
886 3028 963 3084 sunt
988 3020 1237 3105 prospiciantur.

92 3106 108 3168 Ι
113 3130 131 3173 n
143 3106 267 3188 quibus
278 3107 411 3189 quidem
425 3117 458 3170 et
470 3106 545 3171 aliis
560 3107 805 3193 receptionibus
818 3106 1074 3189 quibuscunque,
1086 3105 1236 3174 velumus
1249 3138 1381 3196 Acoompts

93 3195 226 3257 utliant
241 3193 281 3257 de
297 3194 448 3257 omnibus
463 3202 497 3257 et
511 3193 651 3279 singulis
675 3194 810 3258 summis
825 3192 964 3278 receptis
980 3198 1104 3254 mutuae
1119 3190 1234 3255 inden-
1248 3196 1308 3241 with
1322 3197 1370 3241 nr-

92 3286 187 3357 turae,
205 3279 292 3344 inter
313 3290 496 3366 receptores
519 3302 561 3343 ex
583 3288 678 3365 parte
703 3278 849 3363 Collegii
870 3301 905 3341 ae
925 3276 1085 3341 firmarios
1105 3286 1139 3341 et
1155 3277 1235 3341 alios
1248 3266 1320 3357 mers,
1332 3260 1379 3344 ets

91 3387 301 3449 quoscunque
325 3366 509 3442 solventes3
540 3387 577 3429 ae
602 3363 693 3451 quod
721 3375 905 3451 receptores
930 3360 1131 3449 hujusmodi,
1148 3363 1239 3429 intra

92 3451 230 3516 biduum
259 3460 434 3538 postquam
463 3450 506 3516 ad
530 3450 717 3537 Collegium
746 3450 914 3529 redierint,
947 3450 1236 3535 Dispensatoribus

1 3526 12 3555 ³
91 3537 239 3624 ejusdem
254 3537 397 3603 reddant
412 3538 616 3615 indenturas,
635 3547 669 3602 et
685 3538 732 3602 eis
756 3538 885 3601 solvant
907 3558 1019 3603 omnes
1039 3544 1072 3601 et
1087 3536 1236 3623 singulas

90 3647 233 3689 summas
262 3625 310 3688 sic
332 3635 490 3711 receptas,
521 3636 556 3688 et
584 3646 639 3690 eas
666 3637 743 3688 tunc
770 3632 804 3687 et
830 3624 952 3687 ibidem
976 3623 1157 3687 inscribant
1186 3624 1235 3687 nel

91 3711 225 3774 inscribi
238 3711 360 3775 facmnt
374 3711 408 3775 in
424 3711 553 3797 magnis
569 3710 752 3774 indenturis
780 3711 812 3773 in
829 3710 1007 3797 praesentia
1019 3710 1235 3774 Praesidentis

1 3824 8 3845 ·
90 3798 143 3861 vel
159 3796 450 3883 Vieepraesidentis
464 3807 498 3862 et
510 3797 647 3883 alicujus
661 3796 798 3861 Decani.
842 3797 1051 3873 OrdinanteS,
1068 3807 1235 3881 praeterea,

90 3894 139 3962 ut,
154 3906 228 3959 cum
238 3906 323 3947 nova
334 3882 473 3948 aedificia
485 3883 538 3949 vel
548 3884 772 3968 reparationes
786 3882 957 3947 domorum
970 3891 1005 3946 et
1019 3883 1159 3945 aliorum
1168 3882 1235 3945 sint
1248 3906 1377 3965 Buildings

90 3970 248 4042 facienda,
273 3970 332 4034 illa
359 3992 425 4033 non
449 3969 649 4055 incipiantur
676 3980 753 4035 ante
776 3969 920 4067 primum
947 3968 1034 4031 diem
1055 3968 1177 4039 ¹Martii
1203 3966 1399 4031 atandrepsrs.

1 4125 8 4139 p
72 4056 249 4129 ,finiantur
273 4065 332 4120 aut
360 4065 486 4121 cessent
509 4064 586 4121 ante
611 4056 729 4122 festum
756 4055 897 4119 Sunonis
921 4062 954 4119 et
983 4050 1084 4117 Judae
1113 4061 1235 4116 extunc

2 4140 11 4166 ‘
89 4144 236 4229 proxime
247 4164 396 4226 sequens.
432 4141 724 4209 AEdilicationibus
739 4152 773 4204 et
788 4139 1050 4225 reparationibus
1065 4161 1140 4223 quae
1150 4160 1235 4201 com-

89 4228 187 4295 mode
201 4230 327 4316 absque
342 4228 516 4315 dispendio
528 4226 674 4313 Collegii
688 4228 813 4293 differri
834 4250 898 4290 non
920 4233 1059 4312 possunt
1074 4223 1237 4288 duntaxat

89 4317 245 4402 exceptis.
291 4316 371 4381 Fiat
396 4315 503 4382 ,etiam
534 4314 677 4399 singulis
707 4314 802 4379 annis
833 4314 916 4377 alius
939 4334 1147 4463 (progressus,
1165 4326 1237 4395 post
1251 4334 1386 4385 autumnat

1 4432 5 4443 ·
89 4403 313 4482 Autumnum,
331 4402 372 4470 ad
400 4424 439 4465 ca
464 4401 536 4470 loca
557 4423 631 4488 quare
644 4400 848 4468 ,videbuntur
870 4421 938 4485 pree
962 4398 1035 4463 iotis
1049 4398 1237 4489 necessaria,
1250 4398 1375 4456 Progress.
