3000 4700
350 194 484 259 Statntes
498 197 537 278 of
550 194 666 281 Corpus
677 193 804 280 'Cureti
823 193 947 278 Uelleqe,
969 195 1096 278 Oufenti.
1256 195 1295 256 ‘21

141 357 296 441 reputari
309 367 342 421 et
354 359 527 436 numerari,
537 359 689 422 volumus
698 357 768 421 sine
780 357 928 422 ulteriori
942 379 1093 444 processu
1106 383 1116 435 3
1131 369 1166 422 et
1177 369 1298 422 extunc

143 441 312 506 dioecesim
338 453 396 507 aut
418 448 607 508 comitatum
629 467 688 530 pro
712 467 777 527 quo
801 443 857 509 ille
880 454 1066 529 assumptus
1090 452 1161 508 erat
1176 466 1299 518 vacare,

144 537 180 590 et
206 527 307 592 alium
332 530 373 593 de
404 552 443 594 ea
474 529 606 595 dioecesi
637 538 694 593 aut
718 529 884 602 comitatu,
909 531 938 594 si
960 531 1100 594 inveniri
1129 539 1240 616 potest
1262 533 1297 594 in

150 613 384 691 Universitate,
400 619 447 680 sin
465 618 572 680 minus
587 615 628 680 de
644 617 718 691 alio,
738 628 773 678 ut
795 616 976 702 praefertur,
992 617 1187 703 intempore
1202 638 1297 700 prox·

146 700 220 763 irnae
236 701 404 766 electionis
417 702 507 788 eligi,
523 703 682 766 substitui
697 709 732 766 et
746 702 877 776 assumi,
893 701 1108 774 decernimus,
1124 705 1297 768 statuimus

143 795 181 848 et
202 786 413 852 declaramus
460 791 565 866 Quam
590 789 909 874 transmigrationem
932 788 974 854 de
988 811 1054 854 uno
1074 790 1231 853 comitatu
1247 790 1298 854 vel

144 870 275 937 dioecesi
290 873 332 938 ad
349 874 458 954 alium,
477 877 602 960 quoties
622 875 807 962 contigerit,
821 875 856 938 in
880 875 1022 962 registro
1044 875 1196 961 collegii,
1211 877 1298 940 inter

142 957 362 1024 instrumenta
387 960 427 1024 de
452 961 702 1025 admissionibus
732 960 926 1026 scholarium
953 961 995 1024 ad
1024 961 1195 1024 biennium
1221 981 1297 1046 pro·

144 1044 296 1121 bationis,
312 1055 386 1110 ante
395 1048 648 1112 instrumentum
666 1047 707 1111 de
721 1046 813 1110 illius
828 1048 904 1110 anni
915 1049 1081 1130 sequentis
1091 1047 1293 1119 admissione,

145 1131 293 1196 volumus
321 1134 478 1198 annotari.
525 1134 631 1211 Quam
664 1136 796 1197 tertiam
826 1134 1043 1217 provisionem
1069 1134 1103 1197 in
1129 1132 1294 1218 discipulis

144 1239 206 1302 pro
231 1218 295 1282 alio
321 1221 474 1283 comitatu
499 1221 550 1282 vel
572 1219 702 1284 dioecesi
726 1241 824 1302 quam
848 1220 881 1282 in
907 1242 972 1302 quo
996 1220 1065 1283 nati
1093 1218 1217 1282 fuerint
1241 1242 1293 1282 as-

143 1305 295 1390 sumptis,
321 1305 472 1370 similiter
496 1306 528 1369 in
544 1306 694 1369 omnibus
717 1306 866 1368 volumus
889 1305 1062 1370 observari.
1108 1304 1293 1369 Statuimus
1305 1352 1447 1401 Adminio„

143 1389 244 1453 etiam
261 1400 298 1454 ut
313 1392 408 1455 electi
425 1392 610 1478 quicunque
625 1414 684 1476 per
700 1392 875 1465 biennium,
891 1415 911 1454 a
926 1391 980 1454 die
992 1413 1060 1454 suae
1074 1391 1241 1456 electionis
1256 1391 1289 1454 in
1303 1412 1432 1460 onerosa

141 1474 321 1540 scholarem
347 1476 481 1542 biennio
496 1477 709 1561 probandum,
726 1499 830 1563 usque
851 1477 893 1541 ad
910 1478 1063 1549 triduum,
1078 1477 1130 1542 vel
1146 1476 1190 1541 ad
1204 1498 1290 1540 sum·
1302 1471 1414 1576 gigffi
1423 1537 1449 1578 ω

144 1583 232 1624 mum
249 1563 470 1646 quatriduum,
486 1573 562 1628 ante
575 1563 628 1627 vel
640 1573 717 1648 post
731 1562 816 1627 diem
836 1564 1014 1640 electionis,
1028 1585 1113 1628 anno
1130 1571 1206 1649 post
1220 1565 1290 1649 ejus
1303 1587 1414 1636 rernm.

141 1647 337 1712 electionem
362 1650 517 1728 secundo,
542 1651 588 1712 uti
610 1649 747 1713 inferius
770 1651 904 1722 dicetur,
921 1649 1144 1736 supputando,
1160 1649 1194 1712 in
1212 1649 1289 1714 Col·

140 1733 231 1818 legio
242 1743 349 1798 nostro
359 1745 584 1822 permaneant,
598 1744 771 1818 antequam
786 1737 821 1798 in
830 1752 1005 1820 perpetuos
1018 1736 1128 1802 Socios
1142 1735 1290 1821 ejusdem

140 1819 285 1907 Collegii
300 1821 526 1886 admittantur.
559 1822 633 1898 Quo
647 1823 781 1886 biennio
790 1821 975 1885 Praesidens
987 1830 1022 1886 et
1033 1823 1118 1885 Socii
1134 1831 1290 1907 poterunt
1302 1868 1406 1928 uenus

139 1907 282 1990 probare
297 1916 332 1971 et
346 1909 483 1993 experiri
494 1909 619 1994 ingenii
632 1909 855 1994 capacitatem,
870 1909 903 1970 in
920 1909 1064 1971 moribus
1079 1908 1287 1993 probitatem,
1301 1928 1367 1974 tione
1376 1943 1414 1974 rs-

141 1995 345 2057 insolentiis
367 1994 555 2080 profectum,
574 2003 607 2058 et
622 2017 664 2057 an
680 1995 799 2058 merito
822 1994 889 2056 sint
912 1991 1092 2079 accipiendi
1118 2014 1160 2056 an
1182 1989 1447 2092 repsi-&Qn-

140 2077 244 2142 lendi.
291 2080 365 2157 Quo
381 2083 479 2144 etiam
496 2081 628 2145 biennio
641 2101 706 2158 eos,
727 2101 792 2142 non
809 2079 929 2151 Socios,
945 2077 1004 2142 sed
1020 2077 1185 2143 Scholares
1200 2079 1289 2142 intra
1301 2117 1346 2163 ary
1356 2106 1429 2152 sens

139 2165 344 2250 probationis
368 2167 535 2231 biennium
552 2165 659 2230 vocari
683 2173 718 2229 et
745 2164 903 2229 declarari
927 2164 1085 2230 volumus.
1139 2164 1212 2229 Nec
1232 2165 1357 2229 illolffl·

142 2253 276 2315 biennio
302 2254 348 2316 eis
370 2253 483 2318 licebit
497 2253 640 2317 consiliis
655 2252 797 2337 Oollegii
809 2252 981 2329 interesse,
1002 2259 1061 2315 aut
1083 2249 1127 2314 ad
1151 2249 1288 2335 gradum

140 2338 368 2403 sublimiorem
394 2339 472 2423 (nisi
497 2350 534 2404 nt
556 2338 694 2403 inferius
709 2339 851 2420 dicetur)
869 2339 901 2403 in
922 2337 1143 2403 Universitate
1158 2357 1289 2423 promo-

140 2426 221 2505 veri,
234 2436 291 2490 aut
301 2427 437 2490 officium
449 2426 583 2512 aliquod
598 2428 631 2488 in
646 2427 719 2512 ipso
731 2424 879 2510 Collegio
890 2426 1077 2509 (Lectorum
1088 2424 1291 2510 publicorum

141 2512 196 2574 vel
210 2511 396 2597 logicalium
416 2512 520 2577 officio
545 2511 707 2575 duntaxat
727 2514 878 2597 excepto)
907 2533 1020 2597 gerere
1047 2521 1106 2575 aut
1128 2532 1289 2575 exercere.

139 2597 301 2662 Volumus
310 2620 440 2685 quoque
457 2608 502 2670 ut,
513 2601 600 2663 intra
614 2597 759 2663 triduum
773 2606 831 2661 aut
846 2596 889 2661 ad
904 2619 1066 2662 summum
1080 2596 1291 2681 quatriduum

140 2694 220 2749 ante
236 2686 289 2748 vel
302 2695 379 2771 post
393 2686 479 2749 diem
494 2708 561 2749 suae
577 2684 757 2757 electionis,
781 2706 865 2748 anno
880 2684 983 2769 primo
999 2684 1102 2755 finito,
1117 2682 1159 2746 de
1179 2683 1290 2747 unius·

139 2775 299 2855 cujusque
325 2772 512 2857 hujusmodi
539 2771 689 2834 scholaris
714 2770 897 2848 habilitate,
926 2769 1117 2847 idoneitate,
1134 2769 1290 2840 moribus,

139 2857 245 2921 literis
269 2865 303 2921 et
321 2858 469 2945 profectu
483 2860 514 2921 in
532 2856 666 2929 eisdem,
681 2858 723 2919 ab
738 2857 890 2919 omnibus
907 2856 1010 2920 Sociis
1024 2856 1128 2918 nostri
1145 2854 1291 2939 Collegii

140 2942 313 3029 graduatis
335 2945 369 3007 in
388 2944 607 3008 Universitate
631 2953 707 3007 tunc
721 2943 947 3028 presentibus,
992 2963 1028 3005 er
1044 2940 1289 3016 Praesidentem,

140 3028 194 3093 vel
217 3051 256 3092 eo
280 3029 414 3093 absente
430 3028 748 3115 Vicepraesidentem,
764 3028 944 3092 secundum
965 2964 1101 3091 liumam
1123 3025 1209 3088 infra
1232 3026 1288 3089 de-

139 3116 299 3201 scriptam
313 3117 509 3201 inquiratur.
554 3116 605 3180 Et
628 3115 684 3199 qui
706 3124 784 3179 tunc
798 3116 851 3177 ine
875 3122 938 3184 tus,
954 3112 1120 3186 inhabilis,
1136 3122 1194 3175 aut
1209 3133 1288 3195 quo·

139 3200 288 3265 vismodo
303 3215 414 3265 nostro
430 3202 577 3287 Collegio
599 3202 763 3285 indignus,
788 3136 885 3263 modb
909 3197 1138 3283 infrascripto
1160 3219 1289 3282 compc-

138 3290 254 3365 riatur‚
276 3290 305 3351 is
328 3291 484 3353 continuo
500 3312 520 3352 a
535 3296 647 3352 nostro
663 3285 815 3371 Collegio
829 3286 864 3347 iu
879 3306 974 3349 omne
991 3305 1096 3346 sevum
1119 3283 1291 3366 abjiciatur

138 3384 174 3438 et
197 3374 392 3459 expellatur.
439 3374 671 3459 Approbatum
693 3393 770 3435 vero
795 3392 855 3433 nec
880 3370 1047 3435 exclusum
1072 3391 1129 3455 per
1153 3369 1291 3433 alterum

138 3460 340 3525 consimilem
369 3484 488 3525 annum
519 3461 627 3524 denuo
654 3458 804 3543 probari3
838 3464 874 3519 et
902 3457 959 3519 illo
986 3456 1147 3543 completo
1177 3455 1229 3518 tel
1257 3458 1290 3520 in

138 3547 271 3611 Socium
286 3557 481 3633 perpetuum
497 3546 638 3619 admitti,
651 3545 703 3608 vel
716 3544 750 3607 in
767 3564 862 3608 omne
876 3566 981 3607 aevum
996 3544 1086 3629 abigi
1100 3552 1135 3607 et
1149 3541 1290 3621 excludi,

133 3636 234 3719 juxta
247 3634 384 3697 formam
400 3636 434 3697 in
449 3632 592 3697 secundo
607 3629 755 3717 posthoc
772 3632 880 3715 capite
895 3629 1094 3717 descriptam
1116 3642 1151 3693 et
1173 3631 1290 3693 consti·

136 3728 255 3795 tutam,
272 3721 429 3793 volumus,
445 3720 620 3783 statuimus
636 3725 671 3781 et
684 3716 889 3782 mandamus.

193 3856 276 3941 Cap.
295 3854 346 3920 10.
370 3858 486 3922 Modus
498 3856 629 3941 stipendi
643 3854 805 3922 scholares
814 3857 860 3918 ed
872 3856 1005 3918 biennem
1019 3855 1237 3939 probationem.

184 3970 234 4034 Ut
268 3970 360 4034 nulla
389 3969 514 4033 oriatur
542 3967 767 4039 controversia,
790 3988 1011 4053 proponemus
1040 3964 1227 4048 exemplum
1257 3972 1291 4026 et

137 4058 313 4143 imaginem
326 4078 426 4139 quam
441 4055 603 4139 eligentes
616 4054 794 4118 imitentur.
837 4054 899 4115 Die
913 4061 952 4116 ut
966 4072 1066 4137 supra
1080 4049 1290 4135 exposuimus
1302 4066 1407 4139 Mamer
1416 4067 1447 4113 of

138 4152 264 4208 statuto
296 4150 331 4207 et
360 4143 537 4224 assignato,
563 4141 663 4205 Sociis
688 4148 814 4225 septem
837 4138 1028 4223 simpliciter
1053 4136 1232 4199 senioribus
1256 4135 1290 4197 in
1303 4126 1449 4231 Qffassgon·
1494 4136 1495 4143 ’

137 4230 364 4295 Universitate
378 4228 595 4312 presentibus
615 4224 722 4311 pridie
737 4224 912 4289 admonitis
935 4222 977 4286 de
1001 4221 1083 4285 hora
1096 4231 1131 4285 et
1146 4232 1292 4308 tempore
1303 4243 1432 4303 nyseus

136 4315 317 4382 electionis,
337 4312 531 4383 Praesidens,
547 4322 605 4376 aut
628 4334 667 4375 eo
688 4311 909 4375 consentiente
923 4306 1196 4393 Vicepraesidens,
1220 4330 1290 4370 eon·
1303 4302 1362 4348 lars.

136 4411 232 4467 vocet
260 4413 388 4487 septem
404 4398 512 4461 Socios
536 4396 725 4484 simpliciter
747 4395 891 4458 seniores
915 4403 992 4456 tunc
1017 4396 1050 4455 in
1069 4393 1293 4456 Universitatc
