3000 4700
235 227 278 294 52
439 229 574 298 &uates
587 235 627 319 eff
634 230 754 318 corpus
772 231 893 297 Christi
908 229 1036 316 Collcqc,
1056 229 1185 315 Osford.

234 392 367 478 “primo
377 393 442 458 duo
452 396 528 459 socii
537 395 726 483 simpliciter
735 404 769 460 et
777 395 920 461 maxime
928 394 1094 460 seniores”
1104 394 1161 458 &a
1170 413 1243 457 cum
1254 389 1389 473 reliquis

234 479 390 544 clausulis
413 483 630 564 sequentibus.
671 481 768 560 Quod
781 481 915 567 quidem
931 481 1069 546 officium
1085 480 1229 567 cujusvis
1242 477 1389 541 Lectoris

233 565 347 630 Socius
360 566 499 650 quilibet
522 591 559 633 ac
580 567 736 634 scholaris
754 569 854 633 nostri
867 567 1014 654 collegii
1035 565 1129 631 adid
1148 566 1280 643 electus,
1296 565 1388 627 intra

233 651 380 717 triduum
396 662 606 740 posteaquam
623 653 666 719 de
684 677 744 720 sua
759 654 915 720 electione
936 653 1084 740 legitime
1098 651 1297 740 cognoverit,
1314 672 1386 712 sus-

232 738 349 822 cipere,
365 761 402 802 ac
416 741 505 805 iutra
519 741 665 806 triduum
682 749 759 827 post
773 747 959 828 susceptum
982 741 1018 804 in
1041 761 1077 804 se
1096 739 1236 803 officium
1251 736 1385 800 effectu·

233 823 329 888 aliter
343 833 381 890 ut
395 827 567 912 praefertur
589 826 716 912 publice
739 827 860 914 legere,
884 826 1122 909 lectionemque
1140 847 1178 889 ac
1200 832 1321 888 catere
1334 821 1386 885 illi

231 911 335 974 officio
349 914 559 998 pertinentia,
575 915 627 978 uti
640 915 673 977 in
697 913 759 978 hoc
781 913 889 1000 capite
907 913 1129 988 continentur,
1144 911 1236 975 obire
1251 917 1286 973 et
1307 930 1384 972 cou-

231 997 361 1062 tinuare
384 1006 545 1079 teneatur,
574 1000 636 1066 sub
665 1020 769 1085 poena
794 999 995 1086 expulsionis
1022 1007 1191 1084 perpetuae
1218 1018 1240 1060 a
1267 1005 1384 1060 nostro

231 1081 392 1172 Collegio,
416 1107 514 1169 quam
536 1088 608 1173 ipso
631 1086 716 1150 iacto
736 1085 884 1150 incurrat
904 1084 968 1149 uisi
988 1087 1080 1171 prius
1103 1092 1220 1169 sponte
1233 1083 1268 1144 in
1284 1103 1384 1146 omne

230 1191 339 1234 aerum
367 1172 410 1234 ab
436 1195 474 1236 co
503 1171 663 1238 discedat.
708 1172 828 1236 Lector
848 1181 961 1236 autem
990 1171 1098 1254 quivis
1123 1171 1297 1256 negligens
1322 1178 1383 1233 aut

229 1255 239 1316 i
269 1277 397 1331 novans,
414 1266 448 1322 et
462 1259 511 1322 ita
524 1258 578 1324 rel
601 1261 732 1345 ineptus
748 1258 799 1322 vel
818 1258 957 1336 inutilis,
972 1256 1182 1322 Prasidentis
1196 1255 1249 1320 vel
1263 1255 1381 1319 saltem

185 1400 193 1417 ,
230 1277 523 1429 thespraestdentia
538 1345 637 1408 unius
658 1345 789 1421 Oceani,
808 1346 909 1408 unius
928 1342 1171 1429 Dispensatoris
1185 1353 1216 1406 et
1237 1341 1380 1404 duorum

230 1421 377 1493 aliorum
397 1431 574 1508 seniorum,
595 1417 719 1515 judicio
751 1439 946 1516 compertus,
971 1429 1110 1494 honeste
1138 1440 1310 1492 moneatur
1339 1437 1382 1492 ut

230 1519 383 1600 maJorem
402 1515 614 1604 diligentiam
627 1515 837 1600 studiumque
851 1515 1017 1582 adhibeat.
1065 1515 1119 1594 Et,
1134 1515 1198 1578 nisi
1213 1535 1248 1577 se
1264 1515 1379 1579 statim

228 1599 461 1675 emendaverit,
483 1625 543 1688 per
561 1601 811 1668 diminutionem
835 1612 895 1666 aut
918 1601 1168 1667 subtractionem
1189 1600 1300 1664 salarii
1326 1603 1379 1664 sui

228 1708 288 1773 pro
301 1687 529 1773 predictorum
545 1689 680 1753 arbitrio
695 1689 863 1776 puniatur.
908 1688 955 1752 Et
970 1689 1007 1765 si,
1023 1687 1244 1765 nihilominus,
1259 1694 1379 1772 postea
1494 1774 1496 1779 Α

228 1773 348 1859 supina
362 1773 536 1838 admodum
552 1775 648 1838 fixerit
663 1780 735 1862 ejus
749 1774 963 1860 negligentia,
980 1796 1088 1838 crassa
1110 1773 1163 1838 vel
1178 1774 1378 1858 ignorantia,

228 1867 265 1922 nt
288 1860 341 1924 vel
365 1883 431 1924 non
458 1861 537 1925 velit
561 1862 614 1926 vel
640 1882 704 1926 non
728 1863 832 1948 possit
845 1871 1007 1943 quatenus
1031 1861 1149 1925 debeat
1171 1858 1380 1924 auditoribus

226 1946 393 2031 prodesse,
418 1956 451 2012 et
477 1949 526 2012 ita
536 1949 661 2034 judicio
685 1947 897 2012 Praesidentis
919 1954 953 2012 et
976 1947 1108 2033 majoris
1126 1949 1230 2033 partis
1250 1954 1378 2031 septem

226 2033 368 2098 maxime
394 2035 556 2098 seniorum
587 2035 756 2098 Sociorum
784 2035 817 2097 in
848 2055 960 2098 eorum
982 2033 1188 2098 conscientiis
1210 2032 1384 2112 videatur,-

226 2126 303 2184 tunc
314 2121 465 2185 volumus
476 2129 515 2184 ut
530 2120 572 2183 ab
587 2121 690 2186 officio
700 2142 760 2185 suo
769 2119 955 2207 hujusmodi
970 2141 1007 2184 ac
1020 2120 1120 2184 etiam
1131 2120 1203 2207 ipso
1215 2118 1376 2205 Collegio,

226 2205 312 2269 intra
326 2227 468 2270 mensem
484 2207 666 2293 proximum
682 2214 857 2293 postquam
870 2207 918 2271 ita
933 2207 974 2270 de
987 2205 1194 2293 negligentia
1211 2206 1265 2269 val
1278 2205 1376 2290 igno·

225 2293 334 2356 rantis
349 2291 532 2379 hujusmodi
547 2293 713 2358 convictus
728 2291 839 2367 fuerit,
857 2291 1107 2380 inperpetuum
1124 2297 1323 2371 amoveatur,
1340 2303 1377 2358 et

226 2376 310 2443 alius
331 2380 459 2443 interea
480 2380 513 2442 in
530 2384 604 2465 ejus
620 2380 732 2459 locum,
756 2381 844 2445 iutra
859 2380 1045 2464 quindecim
1061 2378 1131 2443 dies
1153 2388 1229 2464 post
1251 2378 1376 2443 dictam

225 2469 295 2549 ejus
315 2466 563 2537 convictionem,
585 2473 626 2529 ut
643 2466 827 2553 praefertur,
843 2465 997 2553 eligatur,
1018 2477 1052 2530 et
1071 2488 1147 2530 mox
1164 2474 1204 2529 ut
1218 2466 1273 2529 ille
1291 2466 1376 2529 alter

59 2542 213 2651 {23⁰¹}ng
226 2559 355 2614 amotus
380 2551 480 2616 fuerit
509 2550 552 2615 ad
580 2551 758 2638 legendum
794 2562 952 2617 sumatur.
1010 2552 1108 2626 Quod
1142 2561 1180 2615 ut
1209 2552 1374 2638 integrius

59 2661 90 2706 ,f
112 2661 212 2710 Lm,
225 2636 424 2715 observetur,
449 2638 623 2702 statuimus
650 2648 699 2717 ut,
719 2639 860 2724 singulis
884 2640 989 2719 annis,
1012 2649 1084 2704 tum
1113 2639 1373 2722 quotiescunque

59 2732 106 2767 Μ·
226 2722 422 2787 Praesidenti
448 2723 781 2811 velVicopraesidenti
804 2734 838 2790 ot
862 2725 920 2789 nni
939 2724 1073 2788 Decano
1096 2726 1273 2811 qidebitur,
1296 2732 1370 2788 tum

223 2810 387 2895 praecipue
409 2810 443 2873 in
465 2811 621 2875 scrutinio
645 2818 722 2875 ante
744 2810 878 2889 Pascha,
902 2811 945 2874 ab
965 2812 1118 2875 omnibus
1138 2812 1241 2874 Sociis
1265 2813 1372 2875 nostri

224 2895 366 2979 Collegii
382 2897 552 2982 graduatis
567 2896 607 2960 de
621 2920 753 2963 suomm
765 2899 941 2962 Lectorum
958 2897 1187 2982 praedictorum
1198 2897 1372 2962 habilitate

220 2991 254 3045 et
270 2982 452 3069 diligentia,
463 2986 496 3047 in
508 2983 630 3049 virtute
644 3006 755 3047 eorum
771 2983 964 3069 juramenti,
975 2984 1157 3069 specialiter
1172 2984 1370 3067 inquiratur.

223 3068 337 3152 Illique
349 3072 394 3134 sic
409 3071 587 3135 examinati
599 3071 770 3135 veritatem
784 3070 817 3132 in
832 3092 872 3134 ea
885 3092 931 3148 re,
939 3075 1040 3156 juxta
1054 3090 1131 3133 suas
1141 3072 1368 3151 conscientias,

220 3156 303 3219 citra
334 3156 456 3234 odium,
494 3156 652 3221 invidiam
677 3164 735 3220 aut
763 3155 968 3220 affectionem
995 3178 1231 3239 quamcunque,
1257 3179 1367 3220 coram

220 3240 435 3322 Praesidente,
444 3242 723 3329 Viccprusidente
734 3242 787 3306 vel
801 3242 893 3308 Socio
904 3243 1044 3307 maxime
1057 3243 1193 3317 seniore,
1203 3249 1318 3328 jurent
1330 3268 1368 3308 se

219 3328 364 3394 dicturos
391 3339 426 3393 et
454 3330 669 3393 effectualiter
697 3328 819 3395 dicant.
866 3329 909 3393 Et
934 3335 1032 3415 juxta
1055 3351 1189 3411 eaquae
1216 3330 1250 3392 in
1277 3329 1368 3393 dicto

218 3417 374 3481 scrutinio
389 3415 439 3479 vel
452 3438 607 3565 processu
629 3424 797 3501 comperta
820 3424 907 3494 suut,
928 3415 1162 3480 Praesidentem
1177 3425 1210 3479 et
1231 3426 1366 3479 caeteros

218 3522 331 3565 omnes
357 3524 450 3585 proce
476 3524 528 3565 ere
543 3523 580 3565 ac
596 3502 778 3579 decernere,
794 3511 829 3566 et
847 3502 973 3584 exequi,
989 3504 1024 3564 in
1048 3502 1172 3566 virtute
1187 3505 1367 3588 juramenti

53 3587 443 3736 mettim}
458 3587 635 3737 ,ttttt
649 3587 812 3737 liiii&
834 3586 1366 3739 qaqmafflffi

54 3718 172 3779 summa
216 3764 410 3844 etmajorem
426 3768 553 3845 partem
565 3768 691 3847 septem
707 3694 846 3823 maxiinpe
856 3696 1017 3824 seniorum
1030 3763 1120 3846 prius
1134 3760 1363 3847 approbanda,

214 3843 314 3909 levari
329 3845 450 3930 cupiat,
465 3845 547 3910 etin
566 3846 711 3932 Collegio
723 3862 834 3909 nostro
849 3846 932 3909 alius
946 3870 1037 3930 reque
1048 3846 1165 3911 habilis
1179 3862 1212 3911 et
1223 3847 1364 3913 idoneus

214 3931 256 3995 ad
272 3931 361 3997 illam
376 3931 612 4015 suscipiendam
630 3942 664 3997 et
676 3930 907 4019 perficiendam
927 3933 1051 4020 J'udicio
1066 3932 1246 3997 eorundem
1266 3956 1359 4018 repe-

212 4019 327 4097 riatur,
345 4018 401 4102 qui
418 4041 489 4083 eam
514 4018 630 4099 libens,
653 4019 812 4105 postridie
836 4041 932 4102 quam
958 4020 1042 4084 alter
1059 4042 1133 4083 eam
1157 4019 1362 4107 deposuerit,
1467 4024 1497 4039 '‘

212 4106 323 4169 subire
339 4106 489 4179 voluerit,
504 4112 582 4170 tunc
605 4128 679 4171 eum
699 4107 918 4193 permittimus
938 4108 1106 4170 exonerari
1130 4128 1166 4170 ac
1190 4117 1307 4192 postea
1321 4120 1362 4173 ut

212 4190 322 4255 Socios
335 4192 368 4254 in
383 4192 530 4277 Collegio
541 4213 742 4277 permanere,
758 4213 821 4255 non
837 4190 988 4255 obstante
997 4191 1085 4275 quod
1095 4192 1253 4257 lecturam
1266 4216 1361 4259 suam

211 4274 402 4361 hujusmodi
422 4278 629 4363 deposuerit3
653 4280 704 4343 siu
728 4279 835 4341 miuus
860 4298 1074 4360 nequaquam,
1092 4279 1155 4343 nisi
1181 4278 1223 4342 ad
1249 4282 1360 4345 minus

210 4363 420 4447 septennium
437 4375 635 4449 perpetuum
649 4365 741 4449 prius
756 4384 830 4426 eam
843 4361 1020 4447 diligenter
1033 4364 1067 4427 in
1084 4374 1195 4428 nostro
1208 4366 1360 4453 Collegio

33 4475 81 4489 -
209 4444 308 4510 hrerit
319 4448 504 4531 protessus3
525 4466 601 4512 nam
617 4450 718 4525 etiam
730 4459 810 4512 tunc
822 4470 895 4511 eum
910 4448 1017 4512 levari
1032 4472 1069 4513 ac
1083 4449 1218 4530 dimitti,
1229 4462 1361 4519 servato
