3000 4700
264 180 327 246 112
462 179 598 247 Stututer
611 180 650 274 qs
662 176 781 262 corpus
799 173 916 242 Clam
934 174 1060 261 Collega,
1080 177 1208 262 Oeford.

262 367 420 414 novorum
440 345 715 430 comparationem
729 340 1039 420 conservandam,
1059 365 1132 407 cuni
1159 344 1302 429 primuni
1320 364 1412 408 occa-

261 436 386 498 sionem
402 439 437 496 et
451 431 731 517 opportunitatem
747 429 912 514 assequuti
928 429 1064 506 tuerint,
1076 430 1108 492 in
1121 427 1192 492 illos
1203 451 1282 492 usus
1298 439 1333 492 et
1349 452 1411 492 nori

262 521 343 585 alios
356 517 594 582 consumendae.
641 515 695 581 Ad
710 539 783 600 quae
800 516 911 580 omnia
934 524 967 579 et
985 515 1161 602 singultiet
1177 514 1413 580 Praesidentem

262 614 298 674 et
317 605 459 687 reliquos
481 625 594 668 omnes
608 603 708 668 nostri
728 602 879 688 Collegit,
903 601 955 665 sui
974 602 1163 686 juramenti,
1178 601 1212 664 in
1232 623 1347 666 eorum
1367 601 1411 666 ad

264 691 450 776 Collegium
460 689 655 755 admissione
669 689 818 773 praestiti,
830 688 965 768 virtute,
981 689 1015 752 in
1026 709 1123 752 omne
1135 709 1239 752 aevum
1256 687 1411 751 volumus

263 777 415 864 obligari.
474 776 545 840 Has
576 777 664 862 leges
690 775 793 849 vobis,
823 772 982 838 carissimi
1009 773 1081 848 filii,
1108 773 1243 838 tulimus
1270 781 1304 837 et
1334 795 1411 860 pro-

100 884 233 932 cumeter
261 864 438 950 posuimus,
449 862 566 948 justas,
583 871 622 925 ut
638 860 843 936 arbitramur,
861 859 960 924 utiles
980 865 1015 922 et
1028 859 1094 923 sibi
1108 859 1358 931 consentientes,
1375 883 1413 924 ac

99 943 178 989 ⁰f²¹¹⁶
262 959 421 1037 preterea
438 949 487 1014 ita
506 948 718 1023 examinatas,
743 944 880 1010 libratas
903 953 938 1008 et
962 943 1120 1030 digestas,
1139 954 1177 1010 ut
1198 946 1413 1032 paucissimas

100 1007 212 1050 'mm'
261 1037 396 1123 pariant
422 1034 626 1120 questiones,
642 1031 876 1115 facillimosque
902 1029 1046 1095 habeant
1074 1032 1105 1095 si
1130 1040 1306 1096 nascautur
1319 1033 1411 1096 solu-

262 1124 388 1198 tiones3
422 1143 489 1185 non
514 1120 611 1184 nimis
636 1117 775 1206 rigidas,
802 1139 843 1180 ne
872 1117 1096 1202 generosiores
1124 1129 1183 1182 aut
1212 1117 1324 1184 tenelli
1354 1141 1411 1184 eas

262 1207 454 1287 detractent,
467 1228 526 1272 nec
541 1228 654 1270 rursus
668 1204 767 1268 nimis
782 1201 872 1268 lenes
895 1210 954 1266 aut
968 1201 1084 1280 lentas,
1101 1225 1144 1268 ne
1158 1204 1336 1270 insolentes
1352 1215 1413 1270 aut

261 1293 376 1360 lascivi
395 1314 451 1357 eas
465 1292 560 1356 facile
574 1291 767 1390 dirumpant
781 1296 815 1353 et
831 1289 1020 1365 excutiant;
1038 1289 1254 1364 multitudine
1269 1312 1349 1355 vero
1362 1293 1413 1358 ita

261 1389 459 1465 temperatas
472 1387 512 1442 ut
526 1399 623 1442 suum
638 1398 776 1460 quisque
791 1397 908 1440 munus
923 1374 1017 1439 facile
1031 1376 1203 1456 sustineat,
1227 1398 1287 1441 nec
1301 1379 1411 1462 cujus·

284 1465 350 1530 iarn
367 1464 506 1529 officium
532 1461 618 1528 desit
641 1469 700 1528 aut
723 1460 930 1526 desideretur
942 1485 951 1538 ;
977 1469 1021 1539 et,
1046 1460 1087 1524 ad
1111 1461 1189 1540 haec,
1214 1463 1297 1528 adeo
1316 1464 1413 1528 lucu·

260 1487 368 1616 lentas
393 1563 430 1613 ut
455 1570 550 1613 nemo
572 1556 640 1612 tam
664 1548 708 1612 sit
729 1547 841 1633 lippus
865 1555 923 1610 aut
945 1547 1117 1611 cecutiens
1136 1549 1195 1633 qui
1209 1551 1255 1614 eis
1274 1549 1410 1626 offendi,

260 1635 430 1723 implicari,
441 1642 499 1699 aut
512 1633 703 1720 imprudens
712 1633 896 1699 citrasuam
910 1631 1041 1719 culpam
1051 1633 1098 1698 eis
1109 1635 1213 1720 possit
1226 1635 1411 1718 illaqueari.

261 1721 351 1798 Quas
373 1742 487 1785 omnes
501 1719 771 1805 excogitavimus,
788 1718 1046 1804 conscripsimus,
1061 1723 1237 1786 statuimus
1252 1730 1287 1786 et
1302 1721 1410 1786 edidi-

259 1829 341 1886 mus,
364 1807 504 1872 scientes
528 1806 674 1870 omnium
690 1826 850 1870 consensu
865 1813 1032 1889 receptum
1055 1804 1147 1894 leges
1170 1809 1313 1872 animam
1337 1830 1411 1872 esse

259 1893 406 1960 civitatis
424 1901 459 1957 et
476 1892 602 1980 populi,
627 1891 775 1975 adeoque
800 1891 891 1954 omui
913 1891 1038 1976 politiae
1053 1913 1122 1958 esse
1138 1895 1334 1962 necessarias
1358 1903 1409 1973 ut,

258 2002 330 2044 cum
346 1989 462 2046 caetera
481 1980 670 2056 animantia,
687 1986 758 2043 tum
774 1978 872 2044 etiam
889 1977 1110 2065 ipsumapum
1127 2003 1263 2066 gregem
1279 1981 1409 2046 mellifi-

258 2088 332 2130 cum
356 2066 487 2153 legibus
512 2064 700 2153 propagari,
723 2064 840 2150 augeri
864 2070 898 2128 et
915 2065 1110 2131 conservari.
1157 2067 1325 2146 Quocirca,
1352 2068 1410 2152 qui

258 2161 387 2217 nostras
409 2152 632 2217 institutiones
656 2161 691 2218 et
713 2150 938 2215 ordinationes
963 2149 1136 2236 predictas
1158 2155 1317 2239 spreverit
1348 2163 1410 2219 aut

258 2238 439 2312 violaverit,
449 2239 476 2302 is
485 2238 636 2324 cupimus
651 2237 901 2325 etpraecipimus
915 2236 1085 2321 puniatur,
1097 2248 1243 2318 vexetur,
1256 2242 1409 2326 etpoenis

257 2325 390 2389 statutis
414 2324 621 2389 acerbissime
646 2323 729 2389 citra
746 2323 883 2395 ‚veniam
911 2322 1085 2409 affligatur.
1133 2325 1198 2401 Qui
1216 2337 1328 2393 autem
1353 2349 1409 2393 eas

256 2410 423 2488 inoffense,
433 2411 631 2489 inconcusse,
643 2421 676 2475 et
690 2409 798 2494 quoad
808 2409 913 2495 possit
928 2409 1068 2497 integre,
1078 2414 1263 2489 servaverit,
1273 2434 1410 2478 servan-

256 2494 379 2579 dosque
393 2496 605 2570 curaveritis
619 2497 653 2560 in
670 2505 781 2562 nostro
795 2496 939 2562 alveario
954 2498 1114 2582 tantisper
1129 2505 1230 2578 tutus,
1241 2501 1409 2581 immunis,

255 2582 397 2664 quietus,
412 2581 601 2661 honoratus,
617 2583 719 2670 degat
740 2592 775 2647 et
796 2588 958 2668 pascatur,
984 2591 1017 2646 et
1037 2582 1157 2649 deinde
1176 2585 1410 2672 splendidissi-

256 2688 346 2732 mum
360 2667 441 2733 illud
456 2669 578 2748 lumen,
595 2671 649 2734 cui
664 2678 731 2734 tarn
746 2668 863 2734 sedulo
878 2689 985 2734 cerani
1008 2672 1216 2756 preparavit,
1233 2672 1409 2758 expeditus

255 2775 332 2818 mox
356 2765 549 2839 assequatur
571 2766 605 2819 et
620 2756 789 2843 suscipiat,
815 2763 851 2819 ut
876 2753 1011 2819 tandem
1035 2757 1306 2843 pretiosissimum
1322 2760 1410 2823 illud

255 2837 381 2904 Christi
401 2840 530 2941 Corpus
552 2843 605 2906 cui
625 2859 772 2907 nostruin
796 2841 976 2906 alvearium
993 2839 1183 2923 dicavimus,
1199 2845 1289 2911 omni
1310 2846 1410 2911 melle
1495 2850 1496 2873 ¹

255 2925 556 3013 incomparabiliter
569 2930 714 3009 suavius,
728 2928 910 2993 luculenter
929 2927 1108 3006 intueatur,
1125 2930 1259 3013 visoque
1278 2954 1409 2997 summa

255 3034 329 3077 cuin
345 3012 515 3100 voluptate
539 3015 575 3079 in
598 3037 693 3079 omne
719 3037 825 3079 aevum
849 3014 986 3079 fruatur.
1031 3015 1095 3080 Cui
1108 3016 1153 3081 sit
1168 3018 1286 3103 gratia,
1303 3018 1409 3085 honor

255 3109 291 3163 et
305 3099 422 3185 gloria,
438 3100 473 3167 in
487 3102 605 3167 secula
619 3102 827 3167 saeculoruml
875 3100 992 3165 Amen.

299 3271 477 3355 Postquam
492 3273 603 3339 nostra
618 3272 781 3338 edidimus
797 3279 929 3353 statuta,
945 3272 979 3336 in
1007 3274 1127 3356 quibus
1146 3275 1258 3341 omnia
1279 3285 1314 3341 et
1336 3278 1408 3341 sin-

256 3355 336 3454 gula
349 3380 423 3440 quae
438 3359 481 3423 ad
496 3361 677 3425 utilitatem
693 3367 728 3423 et
743 3359 887 3445 Collegii
901 3367 935 3423 et
951 3359 1209 3427 inhabitantium
1224 3363 1408 3429 attinerent

256 3444 461 3517 insemimus,
474 3446 696 3511 intelleximus
713 3459 831 3524 tamen,
845 3467 885 3509 ex
901 3444 1040 3512 fidorum
1054 3447 1212 3511 relatione
1227 3456 1262 3513 et
1277 3452 1407 3536 experi-

256 3535 375 3605 mento,
409 3529 520 3595 deesse
550 3532 701 3614 quaedam
733 3531 929 3631 exponenda
956 3543 989 3597 ct
1018 3533 1225 3606 declaranda,
1255 3536 1407 3618 quaedam

255 3611 356 3674 etiam
379 3613 563 3699 adJ'icienda
592 3618 634 3681 ad
657 3617 884 3702 perfectiorem
908 3618 1050 3705 Collegii
1076 3631 1109 3684 et
1132 3620 1343 3707 Collegarum
1369 3623 1407 3689 iu

254 3696 404 3763 futurum
418 3708 551 3766 statum.
598 3703 680 3779 Quae
696 3702 806 3764 omnia
820 3710 853 3764 et
868 3701 1009 3787 singula,
1025 3727 1096 3788 quae
1113 3728 1132 3769 a
1146 3707 1242 3770 nobis
1257 3706 1309 3772 liic
1325 3710 1406 3795 adji-

227 3819 231 3828 ·
254 3783 398 3863 ciuntur,
413 3793 632 3871 exponuntur,
649 3785 859 3851 declarantur
884 3808 919 3849 ac
935 3799 1045 3853 nostra
1068 3792 1307 3877 subscriptione
1326 3818 1406 3860 con-

255 3869 433 3943 firmantur,
451 3870 609 3949 volumus,
629 3872 833 3937 decernimus
854 3879 887 3935 et
907 3873 1109 3955 mandemus,
1129 3887 1168 3942 ut
1188 3879 1325 3945 eandem
1344 3880 1404 3945 ha·

255 3956 354 4021 beant
384 3957 612 4045 auctoritatem
642 3980 740 4042 quain
769 3958 930 4023 haberent
959 3962 987 4025 si
1016 3962 1103 4028 inter
1132 3972 1249 4029 coetera
1276 3976 1406 4032 statuta

254 4043 378 4107 conseri
402 4051 437 4108 ta
458 4052 575 4117 essent,
594 4046 872 4129 observenturque
895 4046 931 4111 in
953 4070 1050 4113 omne
1077 4073 1182 4115 aevum
1206 4073 1272 4115 non
1294 4053 1405 4117 minus

255 4066 408 4193 violanda
433 4153 531 4213 quani
555 4132 720 4218 predicta,
744 4133 868 4197 virtute
890 4136 1073 4219 juramenti
1097 4152 1162 4221 quo
1190 4159 1226 4201 se
1248 4140 1406 4226 astringit

256 4216 486 4299 unusquisque.
533 4218 681 4301 Sedrem
696 4218 941 4305 aggrediamur.
989 4222 1029 4285 Et
1045 4224 1200 4306 quoniam
1216 4247 1405 4311 prosperam

253 4295 351 4441 hup'ps
368 4299 512 4386 Collegii
525 4304 799 4401 gubernationem
814 4314 848 4369 et
862 4304 1119 4373 moderationem
1142 4332 1349 4397 summopere
1365 4325 1405 4378 ut

253 4379 295 4443 de
319 4404 410 4446 emus
433 4396 626 4471 expetimus,
649 4390 825 4455 statuimus
849 4400 883 4455 et
905 4391 1137 4457 inviolabiliter
1160 4396 1405 4465 observandum
1495 4476 1496 4483 ἵ
