3000 4700
245 181 266 245 8
443 181 579 249 statutas
594 187 633 269 of
645 182 763 270 Corpus
782 183 899 250 Christi
915 183 1040 267 Conspe,
1061 183 1190 267 Oxsord.

244 352 279 410 et
304 367 435 412 mseusu
462 349 543 431 (uisi
564 355 726 434 quatenus
754 347 839 412 infra
860 347 1024 432 provisum
1054 345 1121 434 est)
1145 367 1211 410 non
1236 344 1394 431 incipiam

244 453 350 519 usque
380 434 528 512 movebo,
551 455 610 498 uec
635 433 784 498 inchoari
808 441 867 498 aut
890 433 1011 497 moveri
1032 432 1160 509 faciam,
1177 453 1237 496 nec
1262 432 1397 516 incepta

245 538 422 604 prosequar
445 519 669 605 quovismodo.
715 520 810 591 Item,
833 519 924 606 qnod
946 540 1012 582 non
1038 519 1073 582 in
1087 519 1170 582 meis
1195 526 1253 581 aut
1276 517 1395 582 alienis

245 606 398 689 negotiis,
415 617 473 671 aut
497 607 663 706 obsequiis
677 608 896 692 cujuscunque
913 605 1085 691 Principis,
1103 605 1205 690 Regis
1219 613 1278 668 aut
1294 604 1394 752 Epis·

245 691 327 776 copi,
339 692 438 756 etiam
450 691 609 756 ordinarii
623 694 853 778 cujuscunque,
863 692 948 755 ultra
958 692 1131 776 sexaginta
1142 691 1214 754 dies
1229 691 1264 754 iu
1275 712 1316 753 eo
1341 711 1394 753 em

246 799 331 841 anno
352 780 525 843 continuos
549 786 607 843 aut
625 777 764 842 diversis
786 778 913 842 vicibus
937 777 1171 850 discontinuos,
1195 798 1215 840 a
1235 775 1397 862 praedicto

247 862 406 950 Collegio‚
422 875 640 951 praeterquam
662 864 697 929 iu
719 865 863 950 negotiis
878 862 1037 949 ejusdem,
1060 862 1179 940 abero3
1203 863 1268 926 nisi
1281 861 1395 925 forsan

245 971 284 1012 ex
299 971 395 1014 causa
410 951 596 1016 rationabili
610 957 644 1014 et
658 961 796 1035 urgente
807 948 851 1014 ad
866 949 1000 1014 unicum
1012 948 1177 1013 duntaxat
1190 968 1346 1018 mensem,
1359 954 1397 1011 et

245 1034 337 1099 nullo
350 1045 446 1123 pacto
460 1038 558 1118 ultra,
574 1058 635 1124 per
649 1045 775 1124 septem
801 1035 912 1100 Socios
926 1035 1067 1098 maxime
1088 1035 1232 1099 seniores
1252 1042 1333 1098 tune
1357 1033 1394 1096 in

248 1122 472 1187 Universitate
497 1131 686 1210 praesentes,
710 1122 764 1186 vel
779 1143 838 1207 per
862 1122 1018 1208 majorem
1044 1130 1172 1207 partem
1199 1119 1394 1198 eorundem,

245 1208 399 1293 primitus
412 1209 643 1296 approbanda3
656 1209 704 1273 ita
716 1207 808 1294 quod
817 1207 910 1273 nulla
918 1208 1046 1272 ratione
1054 1207 1144 1272 ultra
1154 1216 1220 1271 tres
1230 1207 1266 1269 iu
1276 1206 1396 1270 eodem

244 1315 331 1358 anuo
341 1316 470 1360 meuses
484 1296 655 1359 continuos
665 1295 719 1358 vel
729 1293 959 1371 discontinuos,
969 1302 1187 1379 praeterquam
1200 1292 1235 1356 iu
1246 1292 1396 1378 negotiis

245 1379 399 1466 Collegit,
415 1380 662 1466 quomodolibet
684 1382 853 1444 abeodem
877 1379 987 1454 abero,
1001 1390 1292 1465 quantumcunque
1314 1401 1395 1442 con·

244 1488 359 1530 sensus
376 1467 553 1540 Sociorum,
576 1465 630 1530 vel
646 1466 818 1530 Ordinarii
833 1465 1008 1530 auctoritas
1023 1465 1073 1529 vel
1085 1465 1328 1552 interpretatio,
1344 1465 1395 1528 vel

244 1553 381 1616 maximi
405 1552 574 1617 Pontificis
599 1551 727 1616 sedisve
750 1552 950 1638 Apostolicae
972 1552 1145 1616 alteriusve
1168 1550 1396 1637 cujuscunque

82 1651 196 1696 ereccon
206 1652 235 1696 or
244 1638 456 1724 dispensatio,
479 1637 561 1702 mihi
584 1638 664 1702 velit
687 1639 870 1724 suffragari.
926 1637 1018 1713 Item,
1042 1637 1172 1724 quoties
1199 1637 1316 1702 electio
1340 1637 1395 1701 vel

82 1709 191 1814 {gum
245 1725 426 1809 assumptio
450 1725 588 1810 alicujus
611 1724 705 1802 Socii,
729 1723 884 1788 scholaris
899 1724 951 1789 vel
972 1723 1134 1810 discipuli,
1148 1723 1184 1787 in
1204 1723 1395 1808 Collegium

117 1803 123 1815 '
245 1808 434 1893 praedictum
455 1810 556 1875 fuerit
578 1809 737 1882 facienda,
752 1810 922 1874 intendam
945 1818 979 1875 et
1000 1811 1107 1875 enitar
1120 1817 1161 1874 ut
1182 1809 1290 1874 solum
1310 1809 1395 1873 tales

244 1896 413 1982 eligantur
428 1905 461 1962 et
476 1906 685 1960 assumantur
700 1918 794 1982 quos,
817 1896 997 1961 secundum
1011 1896 1216 1961 conditiones
1236 1903 1271 1960 et
1286 1895 1394 1980 quali·

244 1990 329 2047 tates
349 1984 384 2047 in
411 1984 546 2048 statutis
568 1983 650 2048 dicti
675 1982 821 2069 Oollegii
845 2005 1027 2069 expressas,
1050 1981 1178 2047 habiles
1201 1990 1235 2046 et
1258 1982 1395 2046 idoneos
1484 2023 1489 2029 -

243 2071 474 2154 reputaverim,
490 2079 524 2134 et
538 2092 623 2156 quos
646 2071 681 2132 in
696 2069 877 2133 virtutibus
900 2076 935 2133 et
959 2069 1104 2134 scientiis
1123 2070 1166 2132 ad
1178 2067 1336 2133 honorem
1359 2077 1394 2131 et

245 2156 424 2230 utilitatem
440 2157 583 2242 Collegii
597 2155 747 2243 praedicti
768 2155 844 2242 plns
858 2177 953 2242 posse
968 2155 1123 2241 proficere
1138 2177 1175 2219 ac
1187 2155 1394 2240 profecturos

244 2241 930 2328 crediderim,siuepersouarumvelpatrire
940 2240 1393 2326 acceptioue,amore,favore,

244 2327 330 2408 odio,
346 2327 481 2407 invidia,
496 2327 622 2402 timore,
638 2348 730 2412 prece
743 2349 780 2392 ae
793 2327 911 2415 pretio,
926 2327 1116 2414 postpositis
1130 2328 1394 2415 quibuscunque.

81 2425 215 2472 emender
246 2415 342 2493 ltem,
362 2415 391 2478 si
414 2415 456 2477 ab
480 2414 585 2478 officio
610 2435 682 2477 meo
705 2436 860 2480 amovear
878 2422 936 2479 aut
953 2416 983 2478 si
1004 2422 1122 2500 sponte
1144 2436 1280 2493 cessero,
1303 2415 1395 2478 bona

80 2485 231 2591 ζξξζξρξζξγ
245 2500 387 2587 Collegii
408 2522 467 2585 per
489 2522 540 2563 mc
562 2508 695 2586 recepta
709 2508 767 2565 aut
793 2499 884 2586 apud
904 2524 956 2566 me
978 2501 1182 2565 remanentia
1194 2498 1394 2585 Vicepraesi-

82 2602 231 2659 tegernseae
245 2587 336 2650 denti
351 2594 385 2650 et
397 2586 692 2672 Dispensatoribus
708 2586 852 2673 Collegii
866 2595 935 2666 aut,
947 2587 1227 2674 Vioeprsesidente
1242 2587 1392 2666 absente,

81 2660 230 2707 ⁰f¹⁸¹¹¹⁰v⁸¹·
243 2673 335 2739 Socio
350 2672 489 2737 maxime
506 2673 627 2736 seniori
640 2673 675 2736 in
685 2672 904 2737 Universitate
919 2673 1076 2760 prasenti
1090 2681 1124 2737 et
1138 2672 1236 2737 dictis
1248 2673 1393 2758 Dispen-

244 2759 419 2837 satoribus,
444 2758 473 2821 si
496 2757 664 2822 commode
687 2768 813 2843 potero,
837 2759 889 2822 sin
911 2760 1021 2823 minus
1042 2760 1157 2824 saltem
1183 2760 1271 2822 intra
1294 2760 1392 2844 quin·

244 2843 348 2909 decim
365 2842 435 2909 dies
458 2858 577 2909 extunc
598 2844 744 2930 proxime
767 2853 949 2930 sequentes,
966 2846 1038 2909 sine
1060 2844 1317 2909 contradictione
1333 2868 1393 2910 seu

244 2930 472 3010 diminutione,
482 2952 542 3017 per
553 2930 771 2995 inventarium
782 2932 868 2994 iuter
880 2953 933 2995 me
945 2941 978 2995 et
990 2933 1071 2996 alios
1084 2933 1147 2996 sub
1158 2932 1347 2995 testimonio
1359 2941 1393 2995 et

81 3032 232 3104 eubprssion
244 3018 484 3104 subscriptione
500 3016 689 3097 eorundem,
705 3018 889 3081 restituam.
935 3019 1029 3090 Item,
1043 3018 1072 3081 si
1086 3039 1211 3101 perure
1227 3039 1286 3081 seu
1301 3040 1394 3082 occa-

82 3093 200 3197 ξξέζξξξ·
244 3104 335 3168 sione
344 3126 418 3169 mea
430 3103 541 3189 aliqua
554 3104 691 3168 materia
702 3103 924 3175 dissensionis,
935 3105 993 3168 irae
1002 3104 1055 3169 vel
1065 3103 1245 3181 discordiae,
1257 3104 1291 3167 iu
1302 3105 1394 3169 dicto

81 3210 186 3256 erutus
245 3190 394 3276 Collegio
408 3189 511 3277 (quod
529 3190 618 3255 absit
627 3192 652 3275 l)
665 3190 824 3255 suscitata
833 3190 941 3269 luerit,
953 3200 988 3254 et
1000 3212 1060 3274 per
1068 3189 1393 3277 Vicepraesideutem‚

81 3273 140 3315 ⁶⁰³⁸·
245 3276 415 3341 Decanum
431 3276 485 3341 vel
499 3275 764 3363 Dispensatores,
779 3284 814 3341 et
827 3275 910 3341 duos
933 3277 1015 3340 alios
1037 3298 1079 3341 ex
1101 3284 1228 3363 septem
1248 3278 1394 3341 maxime

242 3360 441 3441 senioribus,
457 3362 532 3425 finis
554 3360 760 3426 rationabilis
783 3384 843 3426 seu
858 3362 1031 3449 placabilis
1055 3363 1143 3427 iutra
1157 3362 1305 3449 quinque
1319 3362 1395 3428 dies

244 3447 348 3513 factus
363 3469 429 3512 nou
443 3446 552 3519 fuerit,
563 3455 641 3512 tunc
657 3447 853 3512 Cancellarii
869 3450 1099 3513 Universitatis
1109 3450 1240 3522 Oxonii,
1280 3450 1314 3512 ui
1328 3471 1393 3535 pro

244 3541 388 3618 tempore
397 3532 733 3681 fueritCustodiqqne
743 3533 886 3621 Collegii
894 3535 982 3601 Novi
992 3470 1394 3600 BeataeMariaeltiintoni·

242 3620 340 3695 ensis,
348 3640 383 3684 ac
395 3617 601 3683 Praesidentis
611 3618 662 3683 Co
686 3621 862 3705 egiiDivae
869 3621 1243 3708 Magdaleuae,iueadem
1253 3620 1394 3686 Univer-

243 3707 351 3783 sitate,
365 3705 392 3767 si
408 3712 486 3767 tuuc
499 3706 584 3768 iutra
599 3704 737 3769 eandem
753 3716 929 3792 praesentes
944 3709 1074 3783 fuerint,
1089 3730 1137 3785 ao,
1152 3708 1283 3772 domiuo
1304 3709 1393 3772 Cau·

242 3790 373 3856 cellario
386 3790 529 3854 Custode
544 3799 601 3854 aut
615 3791 813 3855 Praesideute
826 3802 921 3858 extra
937 3796 965 3858 U
968 3795 1190 3859 uiversitatem
1203 3794 1394 3880 agentibus,

241 3877 388 3941 absentis
412 3885 469 3940 ant
492 3878 676 3941 absentium
701 3878 790 3943 vices
807 3882 841 3944 in
864 3881 1085 3946 Universitate
1104 3881 1301 3966 gerentium,
1323 3903 1394 3945 uua

240 3986 311 4027 cum
329 3964 466 4029 totidem
481 3984 522 4027 ex
545 3965 792 4049 praenominatis
806 3977 885 4054 quot
907 3969 941 4030 in
967 3968 1192 4032 Universitate
1207 3975 1393 4053 presentes

241 4050 372 4122 fuerint,
389 4049 594 4125 ordinationi,
610 4051 756 4127 arbitrio,
769 4052 897 4120 decreto
912 4063 945 4119 et
961 4054 1159 4129 auctoritati,
1173 4054 1394 4141 personaliter

241 4144 277 4199 et
291 4136 505 4201 effectualiter
520 4158 573 4200 me
587 4137 789 4204 submittam.
826 4141 870 4205 Et
880 4140 1041 4227 quidquid
1055 4139 1120 4204 duo
1135 4161 1177 4204 ex
1190 4139 1266 4215 illis,
1277 4162 1394 4204 secum

241 4222 320 4285 dum
343 4223 479 4286 formam
502 4222 587 4286 infra
612 4224 781 4288 limitatam
806 4249 866 4313 pro
893 4237 1041 4311 tempore
1063 4226 1214 4297 consulti,
1239 4227 1393 4291 arbitrati

241 4308 372 4377 fuerint,
390 4310 574 4384 statuerint,
590 4308 814 4374 ordinaverint
838 4311 890 4376 vel
913 4312 1109 4387 definierint,
1123 4314 1157 4375 iu
1172 4335 1212 4377 ea
1233 4321 1341 4397 parte,
1356 4312 1393 4377 id

241 4413 336 4455 omne
353 4393 493 4458 fideliter
505 4394 686 4459 observabo
701 4404 734 4458 et
748 4395 864 4461 iisdem
879 4418 953 4460 cum
965 4396 1082 4461 effectu
1093 4399 1217 4483 parebo
1230 4399 1301 4463 sine
1314 4422 1393 4463 cou-
