3000 4700
237 208 285 272 ss
440 209 757 293 sumptum
775 209 893 274 orric
908 209 1033 294 corrue
1053 208 1183 294 σφω.

238 379 417 459 praesentes
431 374 463 436 in
479 374 633 440 sacellum
657 371 734 437 dicti
751 371 903 460 Collegii,
917 372 966 436 vel
989 371 1067 435 olibi
1090 372 1179 435 intra
1197 368 1395 453 Collegium

238 481 281 523 ex
295 481 394 524 causa
408 459 606 524 infirmitatis
619 460 843 535 convocantis3
869 461 961 545 cnjus
977 457 1202 521 convocationi
1216 476 1333 519 omnes
1356 465 1394 516 et

238 544 387 632 singulos
398 546 544 610 volumus
559 567 675 632 perere
686 545 749 609 sub
758 545 1016 631 poenaperjnrii:
1031 552 1067 607 et
1076 543 1162 607 lecto
1172 550 1250 606 tunc
1263 540 1394 604 ibidem

239 632 367 717 publice
380 641 506 698 statuto
528 632 678 717 proximo
696 630 912 717 precedente,
927 631 1023 695 tectis
1045 628 1259 693 sacrosanctis
1279 627 1393 690 Eran-

240 717 346 803 geliis‚
356 720 517 806 astringet
529 717 721 790 Prmidorrs
734 717 787 780 vel
797 739 837 780 co
848 718 985 781 absente
995 715 1265 802 Vicepraesidcns‚
1275 734 1393 776 eornm

238 825 505 894 unumquemque
530 803 660 869 vinculo
681 804 861 890 juramenti
883 803 926 867 sd
949 823 1063 866 omnes
1089 809 1124 866 et
1148 799 1394 886 singulsspsr-

238 891 356 955 tieulss
379 892 414 955 in
439 912 479 956 eo
502 899 631 956 statuto
660 911 842 976 expresses,
870 899 1032 972 quatenns
1068 909 1142 952 eum
1174 892 1392 950 concernunt.

238 976 370 1041 Deinde
385 977 582 1066 procedetur
599 977 641 1041 sd
654 975 856 1054 electionem,
872 975 932 1039 boc
948 973 1056 1039 modo.
1089 974 1211 1052 Primo,
1222 971 1290 1036 duo
1304 971 1392 1036 Socii

237 1063 428 1153 simpliciter
441 1073 476 1128 et
491 1065 632 1128 maxime
655 1063 801 1126 seniores
814 1068 890 1124 ωηο
902 1063 935 1124 in
953 1059 1179 1124 Universitste
1193 1065 1393 1145 praesentes,

235 1171 313 1232 quos
327 1151 360 1213 in
375 1150 436 1215 hoc
451 1150 608 1214 electione
630 1156 829 1212 scrutatores
849 1169 921 1211 esse
940 1147 1101 1218 volumus,
1114 1146 1258 1210 scribant
1270 1145 1307 1206 in
1322 1165 1393 1206 see·

236 1235 323 1300 dulis
342 1257 383 1300 es
396 1236 439 1300 de
456 1257 553 1300 causa
567 1233 727 1300 ordinetis
743 1255 803 1297 suo
818 1240 853 1296 et
867 1232 1093 1318 eligendorum
1108 1232 1253 1305 nomino,
1266 1237 1395 1292 neutro

235 1343 348 1385 eorum
365 1330 476 1386 temen
490 1323 616 1386 conscio
631 1341 726 1403 quern
741 1320 823 1383 alter
838 1321 996 1383 nominet.
1042 1317 1183 1396 Deinde,
1203 1314 1392 1380 Praesidens

235 1408 263 1469 si
284 1406 436 1479 adfuerit,
451 1407 506 1491 qui
521 1416 599 1470 ωηο
615 1411 648 1469 in
665 1407 723 1470 hac
739 1404 898 1468 electione
912 1404 977 1468 dno
996 1403 1133 1467 babebit
1156 1401 1330 1486 suffragio,
1354 1402 1391 1464 in

236 1502 373 1578 utreque
400 1493 532 1558 scedula
555 1514 661 1555 unum
684 1499 719 1556 et
743 1490 886 1555 eundern
907 1491 1054 1554 nominet
1078 1500 1113 1552 et
1131 1489 1253 1574 eligat3
1279 1497 1315 1551 et
1340 1490 1392 1550 ita

235 1577 386 1664 deinceps
415 1579 532 1664 reliqui
557 1579 700 1663 quinque
727 1577 812 1640 Socii
835 1578 979 1640 seniores
1002 1586 1082 1640 tunc
1104 1576 1139 1637 in
1159 1575 1391 1638 Universitate

235 1672 416 1748 praesentes
439 1665 474 1728 in
496 1664 597 1728 altere
619 1663 783 1726 duntaxat
805 1662 1022 1740 scedularum,
1038 1669 1164 1724 secrete
1179 1671 1303 1739 tamen,
1318 1661 1393 1724 sine

235 1749 306 1813 nlla
320 1751 530 1837 expressione
556 1756 613 1812 aut
636 1749 821 1812 ostensione
840 1749 977 1834 alicujus
998 1769 1149 1834 personae
1171 1758 1230 1810 ant
1244 1747 1393 1810 nominis

234 1857 295 1920 per
325 1836 435 1900 dictos
464 1844 675 1906 scrutatores,
710 1833 947 1897 Praesidentern
977 1834 1032 1897 vel
1060 1832 1393 1919 Vicepraesidentem,

236 1943 392 2006 unquam,
409 1923 473 1987 nisi
496 1922 538 1986 ad
558 1919 750 1984 mandatum
772 1920 908 1983 Patroni
921 1919 1071 2005 collegii,
1092 1917 1311 2002 quovismodo
1326 1919 1391 1982 sub

235 2027 331 2092 poena
345 2009 479 2096 perjurii
493 2008 648 2074 facienda.
694 2007 781 2069 Tum
794 2005 939 2082 demum,
953 2006 1123 2071 calculatis·
1142 2005 1310 2090 subiugiis
1328 2027 1395 2090 per

235 2102 436 2160 scrutatores
447 2105 482 2160 et
496 2095 575 2158 risis
590 2115 648 2176 per
663 2092 907 2169 Praesidentem,
922 2101 992 2168 eut,
1006 2113 1046 2155 eo
1060 2093 1208 2162 absente,
1223 2113 1285 2177 per
1297 2093 1392 2154 Vice-

235 2181 480 2264 praesidentem,
494 2181 578 2244 illes
589 2179 800 2248 Praesidente,
813 2186 871 2242 ent
884 2200 923 2241 eo
937 2179 1084 2247 absente,
1095 2176 1394 2262 Vicepraesidente,

236 2287 296 2349 pro
311 2267 418 2330 electo
439 2267 678 2353 pronuntietur,
693 2264 727 2326 in
742 2286 840 2346 quem
855 2286 968 2328 ornnes
980 2273 1039 2327 ont
1053 2265 1157 2349 major
1171 2285 1248 2348 pars
1270 2263 1391 2328 suffro-

237 2352 367 2435 giorum
390 2354 537 2417 omnium
562 2360 639 2414 tunc
663 2348 856 2437 eligentium
885 2352 1117 2415 consenserint,
1164 2349 1199 2413 Si
1222 2373 1303 2414 vero
1327 2354 1392 2415 isto

237 2437 393 2521 praedicto
416 2436 515 2501 modo
537 2458 602 2499 non
629 2438 862 2511 consenserint,
877 2444 955 2501 ωηο
970 2439 1004 2499 in
1018 2459 1058 2501 eo
1072 2458 1152 2499 casn
1174 2458 1289 2500 rnrsns
1312 2459 1390 2500 oon·

228 2522 330 2587 -tinuo
346 2524 488 2587 scribent
502 2531 631 2607 septem
640 2521 718 2585 dicti
730 2521 815 2585 Socii
830 2523 1022 2608 simpliciter
1035 2532 1069 2587 et
1083 2523 1227 2586 maxime
1241 2524 1396 2589 seniores

238 2611 365 2672 trencin
382 2608 608 2675 Universitote
632 2616 819 2691 praesentes,
837 2630 873 2671 oc
898 2618 1058 2692 preterea
1081 2608 1276 2679 Praesidens,
1299 2610 1329 2673 si
1355 2611 1390 2674 in

238 2693 461 2758 Universitste
489 2694 642 2771 adsuerit,
673 2714 733 2779 pro
766 2716 849 2756 novo
877 2694 1033 2758 scrutinio
1061 2694 1231 2771 faciend03
1261 2696 1295 2759 in
1320 2718 1391 2781 qno

238 2780 381 2844 scribent
406 2780 510 2866 pri-mo
535 2780 602 2843 duo
625 2779 752 2867 praefeti
774 2787 979 2850 scrutatores,
996 2790 1036 2843 ut
1062 2780 1251 2866 prefertur,
1265 2781 1390 2846 deinde

237 2864 424 2930 Praesidens
438 2867 464 2929 si
480 2864 633 2938 adfuerit,
647 2864 935 2949 deincepsreliqui
948 2866 1115 2952 quinque3
1138 2880 1171 2930 et
1185 2868 1298 2931 omnia·
1307 2869 1393 2934 liant

237 2962 367 3023 secrete,
388 2952 502 3017 ordine
523 2960 562 3017 ut
584 2972 685 3039 supra
706 2960 859 3014 notatum
882 2958 944 3030 est,
966 2953 1001 3014 in
1026 2952 1159 3016 dnsbns
1182 2962 1294 3018 temen
1321 2979 1390 3020 sce-

238 3035 335 3101 dulis.
381 3038 429 3103 Et
444 3048 530 3108 tnnc,
546 3038 601 3101 illo
616 3036 771 3101 scrutinio
784 3036 958 3116 ealculatn,
972 3038 1031 3101 illa
1044 3060 1187 3123 persons
1204 3062 1268 3125 pro
1282 3040 1390 3105 electa

239 3122 399 3189 habeatur
413 3126 447 3188 in
463 3146 562 3211 quarn
578 3123 774 3195 Praesidens,
790 3123 817 3185 si
833 3144 982 3208 praesens
997 3123 1105 3197 fuerit,
1121 3134 1155 3188 et
1169 3134 1237 3189 tres
1260 3150 1303 3191 ex
1323 3127 1389 3192 illis

237 3208 270 3271 in
287 3210 343 3276 illo
358 3213 519 3277 scrutinio
537 3210 752 3296 eligentibus,
774 3208 841 3288 vel,
855 3210 928 3294 ipso
943 3210 1146 3277 Presidente
1159 3212 1391 3294 dissentiente,

237 3296 381 3381 quinque
404 3320 445 3363 ex
468 3298 533 3361 illis
556 3296 764 3374 electoribus,
791 3295 990 3359 unanimiter
1016 3300 1254 3371 consenserint,
1278 3307 1313 3363 et
1341 3301 1390 3365 ita

237 3384 481 3465 pronuntietur.
527 3380 624 3459 Quod
647 3381 674 3445 si
697 3389 815 3445 neutro
838 3382 975 3445 istorum
999 3382 1169 3447 modorum
1183 3384 1218 3447 in
1232 3387 1390 3450 nnumin

237 3466 297 3531 boc
313 3470 469 3533 scrutinio
484 3489 678 3533 consensum
701 3467 810 3538 fuerit,
825 3476 904 3530 tnnc
928 3467 1018 3531 eliud
1043 3470 1100 3532 fiet
1121 3471 1275 3535 continuo
1298 3494 1388 3537 scru-

238 3552 375 3630 tininm;
399 3555 435 3617 in
451 3574 518 3639 quo
541 3554 568 3617 si
589 3553 695 3618 adbuc
719 3553 810 3616 nullo
833 3552 932 3617 modo
950 3556 1019 3638 jem
1036 3554 1123 3619 dicto
1139 3556 1173 3618 in
1187 3578 1293 3621 unum
1313 3580 1388 3623 con·

238 3659 367 3702 sensum
392 3639 503 3713 luerit,
528 3648 607 3704 tunc
634 3639 692 3703 illa
720 3660 862 3726 persons
884 3660 945 3725 pro
969 3641 1074 3705 electe
1098 3640 1263 3706 habeatnr
1285 3665 1389 3729 qnam

238 3724 422 3788 Praesidens
447 3724 504 3788 illo
523 3727 618 3790 tertio
633 3734 666 3788 et
681 3724 797 3790 ultimo
811 3726 966 3789 scrutinio
981 3727 1171 3802 nominavit,
1184 3737 1220 3793 et
1242 3730 1291 3794 ito
1313 3752 1388 3817 pro

235 3810 417 3876 nuntietur.
461 3810 558 3887 Quod
581 3812 609 3877 si
625 3810 807 3877 Proesidens
821 3811 865 3875 eb
882 3812 1106 3879 Universitate
1124 3814 1225 3901 hujns
1238 3822 1389 3903 ternpore

236 3898 406 3963 electionis
429 3898 584 3979 abfuerit,
606 3920 642 3963 ac
667 3899 785 3964 electio
813 3918 976 3963 excausa
1005 3899 1163 3985 predicta
1188 3900 1232 3965 sd
1259 3911 1389 3988 septem

235 3987 381 4050 seniores
396 3985 598 4059 devolvatur,
615 3995 695 4051 tune
709 3984 878 4051 consimile
902 3986 1094 4049 scrutinium
1119 3987 1207 4051 inter
1231 4009 1289 4052 eos
1312 4012 1387 4053 con

235 4076 329 4137 tinuo
345 4072 526 4149 habeatnr3
540 4080 576 4137 et
587 4082 664 4139 tunc
680 4073 736 4137 illo
750 4094 811 4160 pro
825 4072 927 4137 eleeto
941 4081 1114 4137 censeatur
1126 4073 1161 4136 in
1173 4095 1272 4158 quem
1286 4077 1389 4161 major
1492 4145 1495 4149 Α

234 4180 312 4244 pars
327 4158 457 4223 illorum
472 4167 607 4245 septem,
617 4161 651 4223 in
666 4160 775 4247 primo
784 4159 835 4224 vel
851 4158 997 4223 seeundo
1012 4159 1201 4244 hujusmodi
1215 4163 1387 4238 scrutinio,

234 4246 444 4310 consenserit.
489 4244 587 4321 Quod
608 4246 637 4309 si
659 4254 802 4331 quatuor
823 4268 864 4309 ex
886 4246 935 4308 eis
954 4245 988 4307 in
1006 4256 1119 4307 neutro
1134 4246 1296 4311 scrutinio
1311 4261 1388 4334 post

235 4328 478 4393 desolationem
492 4330 526 4393 in
542 4354 644 4395 unum
659 4331 801 4395 eundern
818 4331 1030 4400 consentiant,
1047 4337 1124 4393 tunc
1140 4331 1197 4395 ille
1211 4346 1388 4400 censentur

218 4424 268 4477 *et
291 4416 335 4477 sit
353 4415 475 4478 electus
497 4437 593 4500 quem
609 4416 872 4501 Vicepreesidens
896 4417 930 4478 in
955 4415 1014 4477 illo
1038 4423 1203 4497 postremo
1229 4420 1388 4486 scrutinio

233 4499 452 4563 nominaverit
483 4502 679 4587 duxeritque
705 4502 905 4587 eligendum
966 4498 1181 4585 Adjicientes,
1210 4513 1386 4589 praeterea,
