3000 4700
315 229 452 296 Statutea
466 230 634 316 ‹rmepm
652 229 771 296 01·th
788 230 914 316 Collepe,
935 232 1061 316 anbrd
1203 230 1263 294 103

107 396 237 482 cipiunt
259 396 436 469 deleratur,
462 398 525 461 sub
548 419 645 484 poena
670 397 847 462 amotionis
873 405 1040 484 perpetuae
1065 419 1085 463 a
1112 396 1264 484 Collegio

0 556 2 567 Ι
108 491 245 560 nestr03
264 505 374 566 quam,
391 482 420 546 si
431 485 505 568 quis
514 484 548 548 in
559 483 619 547 hac
628 492 723 571 parte
734 483 921 568 deliquisse,
935 483 1113 549 secundum
1126 484 1262 548 formam

109 567 143 631 in
166 571 274 653 capite
289 570 330 634 de
346 569 517 655 punitione
531 571 564 633 in
586 571 765 656 majoribus
784 571 973 634 criminibus
996 568 1164 650 traditam,
1185 592 1262 634 con-

109 655 217 719 victus
225 656 337 735 fuerit,
349 657 492 720 incurrat
504 657 576 743 ipse
585 657 680 720 facto.
702 655 873 734 Volumus,
887 657 1031 743 insuper,
1046 665 1082 721 ut
1094 657 1178 720 nulli
1189 679 1261 743 per·

110 763 200 804 sonae
217 743 320 806 nostri
338 742 491 829 Collegii,
506 765 604 829 super
621 743 731 827 aliquo
754 743 899 822 crimine,
915 765 1050 808 excessu
1065 743 1116 808 vel
1133 742 1261 822 delicte,
1275 769 1380 828 Agaron

110 826 248 891 detectae
258 850 317 892 seu
328 828 456 909 delatae,
467 829 618 894 tradatur
626 851 685 893 seu
699 827 896 894 ostendatur
909 829 1074 915 exemplar
1089 829 1158 893 sive
1168 830 1262 915 copia
1274 829 1415 932 {qmishing

108 927 360 999 compertorum,
371 915 573 980 detectorum
583 925 641 979 aut
650 915 844 993 delatorum,
857 937 915 979 seu
927 915 1062 1000 alicujus
1075 914 1261 996 eorundem,
1274 901 1415 992 sublimn

109 999 161 1064 vel
177 1021 296 1065 nemen
312 1002 447 1066 alicu'us
463 1000 661 1088 detegentis,
678 1001 853 1066 deferentis
877 1011 935 1066 aut
957 1000 1191 1080 denuntiantia,
1213 1001 1262 1066 illi
1274 1017 1289 1048 ²
1300 1004 1401 1122 wffif

109 1086 272 1164 tradatur,
285 1025 480 1152 ostendatur
494 1098 552 1151 aut
566 1087 739 1167 indicetur,
751 1087 869 1171 aliquo,
881 1094 989 1173 pecte,
998 1087 1108 1152 ullove
1119 1087 1153 1150 in
1168 1109 1262 1152 omne
1274 1063 1330 1110 “¹⁰⁰
1391 1077 1423 1113 ⁰⁸·

108 1194 216 1237 aevum
228 1186 384 1260 tempore,
397 1173 560 1238 verbovel
571 1174 665 1247 facto,
677 1183 773 1246 nutu,
786 1173 908 1259 scripto
919 1174 971 1238 vel
981 1175 1086 1259 signe,
1096 1195 1153 1258 per
1163 1195 1198 1237 se
1209 1175 1262 1238 vel

108 1259 338 1345 interpositam
357 1282 542 1345 personam,
563 1261 625 1324 sub
647 1282 749 1347 poena
773 1261 912 1347 perjurii
934 1268 968 1324 et
992 1261 1163 1324 amotionis
1186 1282 1262 1346 per·

108 1353 218 1429 petuae
240 1367 259 1408 a
282 1354 395 1410 nostro
411 1346 561 1432 Collegio
572 1372 581 1423 3
601 1369 701 1432 quam
721 1369 853 1432 poenam
872 1368 1034 1432 quemque
1055 1345 1172 1410 horum
1195 1355 1260 1411 tra·

108 1430 269 1507 dentium,
280 1432 534 1512 ostendentium,
550 1433 767 1498 revelantium
780 1455 841 1496 seu
856 1431 1087 1508 indicantium,
1102 1434 1262 1497 incurrere

106 1517 258 1581 voluinus
280 1525 314 1582 et
334 1518 539 1584 decernimus
553 1520 627 1604 ipso
641 1519 745 1596 fact03
770 1517 827 1582 sed
844 1518 886 1582 ad
902 1528 1068 1605 comperta
1082 1528 1115 1582 et
1131 1518 1262 1584 detecta

33 1672 37 1676 Α
106 1605 325 1688 personaliter
343 1603 554 1690 respondeat.
602 1604 670 1669 Ubi
694 1606 734 1684 si,
757 1605 936 1670 seeundum
959 1605 1202 1670 ordinationum
1226 1617 1260 1669 et

106 1697 308 1754 statutorum
325 1700 506 1754 nostrorum
521 1691 727 1777 exigentiam
741 1699 775 1754 et
786 1704 943 1771 tenorem,
959 1693 1126 1758 convietus
1146 1692 1258 1772 fuerit,

105 1778 338 1841 correctionem
355 1777 502 1841 debitam
526 1779 653 1858 subeat,
670 1779 731 1842 sub
747 1799 845 1862 poena
863 1777 1034 1842 amotionis
1049 1786 1217 1864 perpetuas
1240 1800 1260 1844 a

104 1869 219 1926 nostro
229 1863 394 1949 Collegio,
410 1864 611 1928 cessantibus
625 1864 870 1947 quibuscunque
889 1865 1181 1962 provocationibus
1202 1886 1259 1949 ap·

104 1948 350 2032 pellationibus,
373 1959 407 2012 et
428 1949 504 2013 aliis
518 1952 605 2035 juris
619 1959 652 2013 et
672 1950 752 2013 facti
768 1948 930 2022 remediis,
952 1971 1011 2035 per
1025 1972 1106 2033 quas
1129 1971 1187 2012 seu
1201 1972 1260 2036 per

103 2055 177 2116 quac
192 2034 297 2121 ipsius
312 2034 532 2120 delinquentis
555 2036 684 2123 punitio
699 2035 825 2100 differri
840 2035 946 2098 valeat
961 2056 1020 2099 seu
1035 2035 1115 2099 alias
1129 2038 1258 2118 quovis·

102 2121 202 2187 modo
215 2121 380 2208 impediri.

467 2269 550 2357 Cap.
567 2272 619 2336 53.
644 2273 696 2336 De
721 2273 909 2352 Wututiem.

150 2380 248 2445 Adeo
262 2402 403 2467 pronum
417 2388 451 2445 et
474 2380 517 2445 ad
531 2381 654 2445 malum
669 2381 811 2467 proclive
827 2388 877 2445 est
891 2379 1074 2445 humanum
1092 2400 1194 2467 genus
1211 2391 1257 2453 et,

103 2467 158 2532 uti
172 2467 323 2551 quotidie
339 2468 497 2545 videmus
513 2468 654 2531 varietas
671 2477 855 2554 temporum
866 2468 989 2553 optima
1000 2488 1136 2551 quaeque
1152 2468 1257 2532 aufert

103 2563 138 2618 et
153 2562 273 2631 mutat,
285 2567 401 2617 utnon
413 2553 503 2616 sitin
515 2563 629 2617 nostra
642 2562 806 2639 potestate
821 2576 877 2617 eas
892 2552 1030 2617 condere
1041 2554 1132 2638 leges
1142 2562 1175 2617 et
1189 2563 1257 2618 sta-

103 2648 262 2723 tutaquae
277 2662 343 2703 non
353 2639 489 2703 violabit
505 2640 680 2722 aliquando
696 2648 825 2705 astutus
841 2648 873 2703 ct
889 2639 1082 2725 versipellis,
1099 2648 1157 2703 aut
1172 2641 1256 2705 male

103 2725 357 2812 interpretando
380 2734 438 2788 aut
458 2725 585 2808 aliquid
602 2725 728 2789 fraudis
750 2724 942 2813 ingerendo.
957 2735 1014 2789 aut
1039 2726 1255 2811 excogitando

101 2812 238 2876 modum
252 2834 318 2896 quo
332 2811 456 2875 nodum
470 2812 618 2895 quamvis
630 2813 831 2877 Herculeum
840 2812 1008 2876 dissolvat.
1050 2811 1084 2877 N
1087 2834 1132 2890 os,
1143 2820 1253 2877 tamen
1271 2832 1371 2937 Bisuops
1381 2836 1411 2881 of

103 2920 146 2963 ea
167 2921 241 2981 quae
265 2898 422 2962 duximus
437 2912 544 2961 nostro
560 2907 708 2983 ternpore
723 2899 820 2962 utilia
834 2908 868 2961 et
883 2897 1050 2961 commoda
1066 2897 1252 2979 inferentes
1267 2891 1337 2964 wine
1355 2899 1419 2941 ester

102 2985 182 3050 freti
196 2984 392 3049 auctoritate
414 2994 449 3047 et
463 2984 672 3069 benignitate
686 3006 906 3049 successorum
920 2994 1105 3046 nostrorum
1121 2984 1254 3069 Episce·
1266 2954 1398 3056 ilidii&

101 3094 221 3158 porum
237 3070 509 3145 Vt'iutoniensum,
524 3092 605 3153 quos
619 3071 724 3135 nostri
736 3069 880 3154 Collegii
905 3069 1063 3132 Patronos
1080 3076 1113 3132 et
1130 3069 1254 3135 visita·
1265 3068 1315 3171 pud
1325 3068 1391 3115 Visi-

102 3167 191 3221 tores
201 3156 425 3238 relinquimus,
436 3164 475 3220 ut
484 3156 534 3219 illi
544 3178 585 3219 ex
594 3178 654 3220 sua
664 3156 875 3233 liberalitate,
884 3176 973 3217 mera
983 3154 1253 3238 benignitatead·
1276 3139 1325 3171 ω’

101 3243 204 3321 ducti,
214 3252 248 3307 et
259 3241 385 3307 fervida
394 3242 529 3305 caritate
539 3242 573 3306 in
582 3241 681 3305 fidem
692 3242 913 3306 Christianam
923 3239 1126 3313 inflammati,
1138 3240 1182 3303 ad
1194 3240 1253 3305 hoc

101 3330 282 3394 alvearium
296 3327 555 3392 conservandum
570 3328 756 3414 invigilent,
771 3336 808 3392 ut
823 3334 948 3391 statuta
964 3334 997 3389 et
1012 3326 1252 3407 observationes

100 3423 222 3480 nostrae
236 3416 459 3490 observentur,
483 3415 623 3479 virtutes
643 3421 677 3478 et
700 3412 881 3499 discipliuae
902 3412 1102 3485 nutriantur,
1126 3433 1252 3497 posses·
1284 3452 1287 3457 ,
1480 3431 1495 3462 ε

99 3502 209 3566 sioues
225 3508 260 3566 et
274 3502 362 3565 bona
376 3500 564 3588 spiritualia
579 3510 613 3563 et
623 3500 817 3585 temporalia
831 3520 984 3585 prospero
999 3505 1090 3561 statu
1103 3496 1252 3579 floreant,

96 3593 185 3675 jura,
210 3588 379 3651 libertates
405 3608 442 3650 ac
462 3585 648 3675 privilegia,
663 3586 878 3650 defendantur
897 3593 932 3649 et
954 3592 1170 3671 protegantur
1181 3610 1190 3662 3
1212 3609 1251 3653 ea

0 3716 3 3729 ·
101 3674 144 3738 dc
171 3695 271 3738 causa
292 3673 477 3751 statuimus,
500 3672 688 3736 ordinamus
711 3682 745 3737 et
768 3673 930 3749 volumus,
945 3680 985 3735 ut
1005 3671 1102 3736 liccat
1117 3672 1397 3743 dominovrsrtauon

102 3760 270 3847 Episcopo
285 3759 509 3823 Wintoniensi
524 3761 580 3843 qui
593 3781 653 3845 pro
671 3767 817 3843 tempore
831 3758 943 3829 fuerit,
960 3765 994 3821 ct
1018 3759 1103 3823 nulli
1119 3759 1174 3823 alii
1189 3781 1249 3824 nec
1262 3753 1296 3857 {l
1307 3755 1349 3857 {¹³⁰

101 3847 187 3926 aliis,
197 3846 396 3932 quotiesper
408 3843 640 3909 Praesidentem
650 3847 753 3909 nostri
764 3843 917 3931 Collegii,
927 3844 1247 3932 Vicepraesidentem,
1260 3826 1393 3918 hrffcsslss‘i‘

102 3934 252 3998 Decanos
262 3941 297 3996 et
308 3932 573 4016 Dispensatores,
587 3931 712 4017 velper
721 3931 960 3995 Praesidentem
972 3940 1006 3995 et
1017 3941 1157 4014 quatuor
1168 3931 1249 3994 alios
1260 3930 1371 3991 merny.

100 4042 144 4083 ex
167 4029 296 4105 septem
322 4018 465 4081 maxime
487 4017 635 4102 ejusdem
655 4017 849 4089 senioribus,
872 4017 923 4080 vel
945 4039 1005 4102 per
1020 4015 1248 4081 Praesidentem

99 4119 133 4170 et
156 4119 296 4189 quatuor
320 4125 362 4167 ex
380 4103 446 4167 illis
472 4104 664 4178 senioribus,
688 4104 751 4171 vel,
775 4102 976 4168 Praesidente
999 4112 1034 4167 ct
1057 4103 1248 4188 Vicepraesi-

99 4192 202 4256 dente
223 4190 338 4255 invitis
361 4190 587 4253 recusantibus
609 4197 676 4257 aut,
688 4189 944 4278 negligentibus,
960 4211 1019 4276 per
1064 4190 1184 4273 uinque
1207 4209 1249 4253 ex

2 4304 14 4338 r
100 4279 174 4343 aliis
187 4287 315 4364 septem
330 4276 512 4339 senioribus
521 4276 620 4362 hujus
633 4277 735 4339 nostri
745 4276 895 4360 Collegii,
904 4276 955 4339 vel
967 4297 1028 4361 per
1040 4212 1121 4338 duas
1133 4276 1249 4339 tertias

99 4374 214 4451 partes
242 4364 408 4426 Sociorum
439 4362 597 4448 ejusdem,
622 4363 722 4426 fuerit
751 4362 936 4444 requisitus,
963 4382 1100 4440 necnon,
1126 4361 1248 4444 absque

99 4449 317 4533 requisitione
348 4447 427 4526 ulla,
459 4448 500 4511 de
529 4448 754 4530 quinquennio
785 4448 818 4508 in
850 4447 1105 4528 quinquennium
1138 4447 1248 4519 semel,

100 4537 144 4603 ad
160 4544 310 4601 nostrum
329 4533 522 4615 Collegium,
539 4554 599 4618 per
622 4555 657 4597 se
673 4532 722 4596 vel
744 4554 838 4596 suum
856 4532 1120 4598 Commissarium
1144 4534 1249 4621 speci·
1431 4565 1474 4575 —
