3000 4700
281 255 418 320 Statores
431 260 468 338 cs
483 257 600 342 Corpus
620 258 736 323 cassari
756 257 880 343 Collepe,
902 257 1031 344 Ozford
1189 260 1223 323 li

72 423 243 481 remaneat
271 416 334 482 sub
358 419 505 484 custodia
531 419 694 507 diligenti.
741 417 904 486 Volumus
926 445 1055 507 quoqne
1075 433 1111 487 n't
1128 430 1226 488 unus·
1241 433 1394 506 Bopdtoths

71 503 211 587 quisque
227 505 260 567 in
279 502 517 570 Praesidentcm
536 507 667 586 electus,
684 509 773 571 intra
795 530 918 571 annum
932 511 1117 594 proximum
1139 521 1225 596 post·
1239 493 1353 597 ξςῗζόῗ

73 610 170 671 quam
186 591 281 654 illius
297 593 390 656 officii
407 592 572 678 pacificam
585 593 822 678 possessionem
836 593 999 667 habuerit,
1013 595 1116 659 Priori
1127 597 1225 661 eccie-
1239 610 1343 659 sturm

72 676 128 738 siae
143 675 348 744 cathedralis
365 679 599 744 Wintoniensis
614 701 672 766 pro
689 688 834 766 tempore
850 689 883 744 et
905 679 1051 766 ejusdem
1065 682 1130 746 loci
1151 706 1226 747 con·

71 763 189 826 ventui
204 785 306 827 unam
321 765 554 852 obligationem
570 789 645 830 cum
659 765 856 836 conditione,
870 769 931 830 sub
946 767 1051 831 forma
1065 769 1226 852 sequenti,

72 849 213 912 mutatis
240 849 282 913 de
311 872 400 915 more
423 851 596 931 mutandis,
625 861 658 916 et
681 851 817 938 adjectis
847 851 888 915 de
910 875 999 917 more
1024 853 1226 942 adjiciendis,

71 935 207 998 nomine
223 957 283 999 suo
296 935 410 1001 debite
427 937 606 1002 confectam
618 947 652 1002 et
668 958 768 1002 mann
780 961 839 1002 sua
853 939 987 1024 propria
998 939 1224 1031 subscriptam,

72 1042 131 1084 suo
157 1043 293 1105 quoque
318 1024 431 1108 sigillo
447 1024 637 1110 sigillatam,
651 1025 846 1110 inpersona
869 1047 929 1087 sua
949 1025 1084 1111 propria
1108 1035 1143 1089 et
1166 1050 1225 1111 pro

70 1105 160 1171 iactu
177 1129 242 1170 sno
257 1107 368 1173 tradat
382 1132 455 1174 cum
471 1111 598 1175 effectu.
644 1108 743 1184 Quod
759 1110 786 1173 si
802 1111 966 1198 quispiam
987 1113 1020 1174 in
1043 1106 1224 1176 Praesiden-
1238 1114 1361 1164 vicanos

71 1201 138 1257 tem
153 1194 283 1259 eiectus
299 1195 489 1280 praedictum
498 1199 721 1281 juramentum
737 1197 770 1260 in
786 1197 890 1260 forma
911 1196 1069 1282 praedicta
1094 1199 1226 1263 realiter
1236 1173 1267 1278 {ff
1274 1177 1371 1280 ms

72 1300 134 1343 non
160 1281 439 1365 praestiterim}
464 1282 653 1368 praedictam
674 1281 910 1366 obligationem
932 1300 1005 1348 cum
1028 1283 1225 1363 conditione,
1236 1293 1352 1339 omissos
1362 1294 1392 1341 or

71 1365 214 1430 modoet
230 1367 333 1430 forma
347 1367 513 1453 praedictis
526 1369 716 1446 confectam,
725 1369 860 1452 praefato
872 1369 977 1432 Priori
992 1369 1080 1434 intra
1092 1382 1224 1458 tempus
1236 1350 1335 1458 {22¹2OE

71 1448 268 1535 praedictum
284 1451 496 1518 effectualiter
510 1477 574 1518 non
585 1453 770 1534 tradiderit,
782 1455 836 1518 vel
852 1477 1072 1539 aquacunque
1108 1479 1226 1522 ersona

71 1538 245 1624 spirituali
266 1541 318 1604 vei
346 1541 527 1627 temporali,
551 1542 620 1604 sive
650 1541 866 1605 Pontificatus
892 1543 965 1606 sive
994 1480 1129 1629 Regalis
1166 1553 1226 1608 aut

71 1626 296 1710 cujuscunque
321 1626 460 1690 alterius
495 1626 671 1713 dignitatis
705 1625 829 1691 honore
851 1627 1071 1776 dpraefulgeat,
1099 1628 1225 1712 aliquid
1309 1633 1319 1648 ⁶

70 1709 301 1796 impetraverit
335 1713 424 1796 quod
446 1713 481 1776 in
510 1713 752 1776 enervationem
781 1734 850 1798 prae
872 1714 932 1778 icti
954 1716 1138 1800 juramenti
1167 1726 1226 1780 aut

71 1797 290 1884 obligationis
306 1801 416 1885 ejusve
428 1797 635 1876 conditionis,
650 1807 707 1862 aut
723 1795 860 1885 alicujus
875 1799 1053 1865 eorundem
1068 1802 1224 1886 parceliae,

4 1915 5 1924 ¹
71 1899 267 1967 quocunque
290 1883 387 1948 modo
413 1885 527 1949 cedere
551 1886 684 1971 poterit,
710 1907 749 1949 eo
773 1885 844 1971 ipso
859 1908 919 1972 pro
944 1909 1010 1950 non
1025 1886 1226 1953 Praesidente

71 1961 255 2046 habeatur3
281 1983 313 2034 et
336 1976 452 2034 extunc
474 1971 614 2034 officium
639 1958 852 2034 Praesidentis
875 1972 909 2034 in
935 1972 1086 2058 Collegio
1113 1981 1226 2038 nostro

72 2076 190 2120 vacare
205 2054 421 2128 decernimus,
438 2079 475 2121 ac
489 2056 802 2143 Vicepraesidentem
816 2065 849 2120 et
866 2057 976 2122 Socios
990 2059 1031 2120 ad
1045 2059 1122 2123 novi
1139 2053 1225 2122 Prae-

71 2142 213 2206 sidentis
228 2143 430 2222 eiectionem,
446 2143 625 2207 secundum
642 2145 779 2207 formam
793 2164 894 2228 supra
908 2163 928 2205 a
949 2142 1045 2207 nobis
1060 2142 1224 2226 traditam,

72 2227 251 2312 procedere
266 2251 402 2311 eamque
425 2251 647 2294 consummare
671 2225 791 2293 debere
812 2228 993 2306 sancimus3
1015 2238 1048 2292 et
1067 2230 1109 2294 ad
1132 2229 1170 2294 id'
1190 2230 1225 2295 iu

71 2315 197 2381 virtute
207 2315 389 2401 juramenti
413 2315 473 2381 hoc
499 2325 610 2381 nostro
636 2324 799 2403 praecepto
822 2323 857 2379 et
880 2323 1006 2380 statuto
1032 2336 1088 2381 ecs
1110 2333 1225 2383 omnes

72 2404 302 2489 astringimus.
341 2404 384 2466 Et
397 2404 475 2487 quia
488 2402 588 2489 longa
602 2412 713 2488 potest
728 2424 797 2465 esse
812 2424 902 2466 mora
917 2402 951 2465 in
967 2403 1226 2489 implacitatione

72 2497 107 2552 et
122 2488 339 2553 Praesidentis
360 2489 394 2552 in
412 2494 469 2575 jus
484 2490 661 2569 vocatione,
679 2497 713 2552 et
728 2489 875 2551 fortassis
898 2486 1103 2577 negligentes
1128 2500 1225 2556 erunt

71 2575 384 2659 quiimplacitarent
399 2584 432 2639 et
447 2576 555 2661 adjus
567 2582 731 2646 vocarent,
749 2575 824 2637 ideo
847 2574 1042 2639 mandamus
1067 2584 1102 2640 et
1122 2576 1225 2642 invio-

71 2661 221 2725 labiliter·
235 2661 479 2726 observandum
495 2661 699 2725 decernimus
712 2669 760 2740 ut,
778 2661 1029 2747 quamprimum
1041 2660 1226 2728 Proesidens

72 2746 267 2834 hujusmodi
294 2746 460 2811 licentiam
485 2756 597 2812 contra
626 2754 790 2811 statutum
817 2755 851 2811 et
880 2769 976 2811 suum
1000 2749 1225 2833 juramentum

72 2834 312 2923 impetraverit,
322 2835 449 2900 nullum
466 2834 618 2916 deinceps
629 2856 648 2898 a
660 2833 811 2919 Collegio
820 2834 954 2917 recipiat
966 2835 1225 2900 emolumentum

72 2920 256 3009 temporale
267 2927 328 2985 aut
340 2920 520 3005 spirituale,
532 2920 635 2985 'veluti
650 2920 844 2995 convictum,
861 2919 1077 3007 stipendium,
1087 2932 1223 3001 vestem,

73 3003 280 3093 suffragium,
294 3006 442 3092 regimen
459 3014 492 3071 et
506 3017 623 3071 cratera
636 3021 848 3090 quaecunque.

115 3094 240 3159 Forma
263 3105 373 3158 autern
397 3089 603 3179 obligationis
622 3091 786 3179 praedictae
800 3098 835 3157 et
848 3093 920 3178 ejus
942 3088 1136 3155 conditionis
1157 3089 1226 3155 hac

70 3188 140 3245 est:

117 3270 139 3306 ‘⁴
150 3264 314 3332 Noverint
328 3264 471 3329 universi
485 3286 544 3350 per
559 3270 734 3351 praesentes
754 3278 807 3327 me
822 3255 856 3327 N
859 3309 878 3339 .,
899 3260 1132 3327 Praesidentem
1149 3260 1225 3326 Col·
1236 3272 1350 3321 Formof

71 3352 151 3440 legii
184 3352 341 3437 Corporis
372 3350 499 3416 Christi
528 3352 564 3414 in
593 3350 820 3415 Universitate
847 3347 969 3412 Oxonii
995 3349 1031 3412 in
1066 3348 1225 3414 comitatu
1234 3331 1311 3380 m·

73 3439 264 3511 Oxoniensi,
289 3440 394 3501 teneri
415 3446 449 3501 et
481 3438 616 3501 tirmiter
640 3436 781 3521 obligari
804 3433 982 3499 reverendo
1005 3436 1092 3522 patri
1119 3434 1226 3500 Priori

4 3586 5 3593 ,
72 3524 216 3590 ecclesia
236 3522 434 3589 cathedralis
448 3524 561 3588 Sancti
576 3522 732 3586 Swithuni
747 3520 922 3586 Wintoniae
940 3527 975 3584 et
989 3520 1139 3607 ejusdem
1162 3522 1225 3586 loci

72 3610 261 3689 conventui,
298 3611 332 3674 in
361 3619 491 3675 centum
521 3609 613 3674 libris
652 3608 894 3695 sterlingorum,
924 3607 1090 3673 solvendis
1118 3607 1224 3673 eidem

75 3698 182 3763 Priori
216 3705 249 3759 ct
278 3696 477 3777 Conventui,
505 3696 558 3759 vei
587 3714 700 3760 eorum
723 3704 811 3759 certo
835 3698 1010 3767 attornato,
1033 3694 1085 3759 vel
1111 3708 1225 3761 eorum

72 3782 323 3863 successoribus,
338 3785 374 3846 in
390 3782 474 3845 festo
490 3782 535 3847 N.
556 3781 705 3867 proxime
723 3780 836 3843 futuro
850 3790 926 3865 post
956 3780 1068 3846 datam
1082 3802 1225 3869 praesen·

73 3871 166 3935 tium.
213 3865 270 3933 Ad
282 3890 381 3956 quam
391 3865 523 3953 quidem
540 3868 732 3931 solutionem
747 3867 831 3931 bene
842 3874 875 3930 et
890 3865 1032 3932 fideliter
1043 3866 1225 3931 faciendam

73 3956 189 4043 obligo
203 3977 266 4049 me,
281 3955 428 4019 haeredes
452 3962 485 4019 et
500 3960 687 4019 executores
714 3975 814 4033 meos,
828 3973 891 4038 per
912 3958 1099 4041 praesentes,
1115 3952 1225 4038 sigillo

73 4062 146 4108 meo
162 4042 332 4128 sigillatas.
379 4042 459 4106 Dat.
485 4040 543 4104 &c

4 4186 8 4195 .
116 4128 193 4194 Tire
214 4126 380 4193 condition
404 4128 439 4191 of
460 4126 517 4191 tlte
540 4125 774 4211 obligationis
798 4123 888 4203 such,
905 4123 979 4189 that
993 4124 1025 4187 if
1040 4124 1098 4189 the
1121 4123 1226 4189 abore

72 4214 227 4280 bounden
245 4214 302 4291 N,
316 4214 351 4278 in
367 4214 417 4278 his
434 4236 501 4278 own
527 4234 645 4299 person
660 4234 697 4275 cr
711 4211 754 4298 by
771 4232 835 4297 any
850 4210 944 4275 other
957 4232 1088 4295 person,
1103 4232 1225 4296 pursue

73 4303 189 4366 obtain
204 4324 241 4365 or
255 4302 298 4365 im
326 4308 441 4377 strate,
456 4320 603 4365 orcanae
618 4308 653 4362 to
668 4300 709 4362 be
726 4296 879 4381 pussued,
896 4295 1052 4360 obtained
1066 4319 1104 4361 or
1125 4296 1227 4383 impe

73 4388 195 4465 trated,
211 4322 324 4473 privip
345 4408 382 4450 or
401 4386 530 4471 openly,
546 4384 684 4471 directly
699 4405 736 4447 or
750 4381 933 4467 indirectly,
948 4382 1031 4445 irorn
1047 4381 1104 4447 the
1120 4383 1227 4447 Court

4 4486 5 4491 ’
73 4476 111 4541 oi
121 4474 229 4541 Rome
243 4496 280 4537 or
301 4406 383 4538 tiom
405 4488 469 4557 any
484 4470 578 4536 other
601 4491 718 4556 person
734 4484 771 4530 οῖ
786 4467 890 4552 piace,
913 4488 976 4552 any
991 4466 1225 4553 dispensation,
