3000 4700
260 193 281 252 2
464 191 598 258 Statates
612 189 779 275 esdorpus
798 190 917 255 Christi
934 191 1059 275 Callope,
1080 191 1209 276 Osford.

260 354 380 441 quibus
395 353 439 441 (si
454 354 603 420 Ciceroni
618 352 803 436 credamus)
820 352 952 418 vivendi
967 353 1116 419 doctrina
1130 353 1280 420 ducatur.
1325 354 1414 416 Sunt

5 445 6 522 s
99 448 178 494 virtue
190 449 219 495 of
261 441 347 506 enim
364 443 416 524 (nt
432 441 491 525 ait)
509 441 601 527 leges
614 440 769 507 vitiorum
789 439 1033 516 enrendatrices,
1053 439 1413 524 commendatricesqne

98 508 177 555 Laws.
261 526 431 592 virtutum.
477 527 604 592 Jubent
629 547 703 590 nam
728 549 770 591 ue
792 548 868 612 quae
892 526 1042 591 facienda
1058 534 1145 605 sunt,
1167 526 1413 612 prohibentque

261 614 435 678 contraria
482 615 515 678 N
518 636 554 677 os
577 613 680 700 igitur
706 549 908 678 decrevimus
930 612 1082 699 quasdam
1105 613 1270 699 explicare
1284 619 1413 676 statuta

261 701 383 786 quibus
396 699 457 762 hoc
471 706 606 785 regatur
616 700 815 763 alvearium:
832 722 892 763 nec
908 721 1182 782 supervacaneam
1198 720 1413 785 congeremus

262 785 515 857 multitudinem,
541 807 583 850 ne
602 794 635 850 et
650 786 836 870 ignorantia
851 792 886 848 et
900 784 1023 850 oblivio
1044 794 1240 870 surrepant3
1264 807 1323 848 nec
1336 807 1412 869 pro·

262 872 415 936 cedemus
430 872 557 958 prolixe
572 865 673 935 nimis'
684 881 743 936 aut
759 871 906 942 obscure,
932 870 989 935 sed
1004 873 1165 936 succincte
1179 880 1214 936 et
1231 871 1309 935 trito
1324 872 1411 942 stilo,

262 965 301 1022 ut
330 958 472 1022 delectet
500 959 652 1029 brevitas,
688 965 723 1022 et
752 957 858 1042 primo
886 965 1020 1042 aspectu
1050 979 1086 1022 se
1114 957 1232 1022 offerat
1259 957 1411 1021 facilitas.

263 1043 499 1124 Veruntamen,
516 1045 542 1108 si
559 1047 625 1108 haec
646 1065 682 1107 as
707 1044 785 1108 iciat
803 1043 1039 1108 Ciceronianus
1058 1045 1230 1130 quispiam,
1253 1052 1288 1124 et
1303 1042 1413 1107 rideat

262 1131 401 1196 barbara
424 1129 591 1206 vocabula,
616 1067 786 1215 intelligat
809 1153 869 1196 nos
891 1130 926 1193 in
947 1129 998 1193 his
1022 1152 1088 1194 non
1103 1151 1246 1217 quarere
1268 1139 1413 1195 ostenta-

262 1219 397 1294 tionem,
421 1215 479 1282 sed
502 1217 630 1282 facilem
650 1223 685 1282 et
709 1224 824 1304 aptam
847 1213 1114 1283 intellectionem.

423 1393 506 1479 Cap.
522 1394 552 1462 2.
575 1394 628 1458 De
642 1395 791 1478 qualitate
806 1394 1018 1470 Presidentia
1033 1403 1062 1458 et
1075 1396 1139 1477 ejus
1153 1394 1258 1478 officia

306 1556 335 1618 A
353 1554 563 1627 Praesidente,
582 1565 617 1618 ut
635 1576 656 1618 a
668 1552 819 1641 principe
835 1552 892 1636 qui
907 1553 980 1652 aliis
994 1553 1175 1640 imperitet,
1190 1554 1313 1640 quique
1329 1553 1413 1619 alios

262 1641 306 1706 ad
319 1639 417 1706 flores
432 1639 636 1727 colligendos
651 1641 792 1717 emittat,
814 1639 895 1702 ahos
910 1637 952 1702 ad
966 1661 1068 1725 opera
1080 1641 1169 1704 intus
1185 1642 1416 1718 construenda,

99 1738 251 1810 ortnerra
263 1749 335 1791 eum
352 1728 440 1799 velit,
455 1735 562 1814 cogat,
586 1733 756 1812 torpentes
771 1733 896 1812 arguat,
922 1747 1076 1812 operosos
1099 1727 1291 1800 inflammet,
1315 1749 1411 1799 exer·

99 1799 187 1844 cruat.
263 1811 420 1878 diendum
442 1814 634 1878 censuimus.
679 1811 746 1886 Qui
771 1811 799 1875 si
824 1811 906 1897 vigil
920 1814 965 1876 sit
985 1820 1019 1877 et
1044 1815 1226 1963 perspicax,
1251 1813 1354 1878 solers
1378 1826 1414 1878 et

264 1921 375 2000 sagax,
390 1900 516 2001 reliqua
530 1921 608 1985 pars
623 1896 784 1962 examinis
798 1919 873 1998 eum
889 1898 1017 1998 facilius
1030 1899 1125 1964 imita
1148 1900 1224 1998 itur,
1244 1901 1414 1992 parebunt

264 1982 895 2158 ern‘tmtstntrtslta
908 1983 1413 2149 transilientis

98 2136 217 2184 ¹³⁰⁸‘¹⁰¹¹⁸'
265 2158 440 2226 sacerdotii
453 2159 662 2238 constitutus,
685 2178 788 2241 neque
803 2159 975 2243 episcopus
989 2178 1049 2222 nec
1063 2157 1246 2244 religiosus,
1267 2159 1303 2223 in
1319 2180 1414 2225 sacra

265 2243 434 2331 theologia
448 2245 576 2323 doctus,
600 2250 635 2308 et
654 2241 846 2330 graduatus,
871 2241 913 2306 ad
941 2243 1049 2309 minus
1080 2245 1327 2319 Baccalaureus,
1352 2254 1415 2320 aut

265 2331 381 2396 saltem
396 2331 443 2396 ita
458 2329 594 2395 edoctus
610 2335 647 2393 ut
670 2331 760 2404 intra,
778 2337 919 2414 quatuor
936 2350 1066 2395 menses
1091 2337 1168 2417 post
1181 2338 1254 2419 ejus
1278 2332 1412 2419 praefec-

265 2418 387 2483 tionem
412 2417 542 2482 realiter
565 2416 704 2501 accipiat
749 2414 866 2479 radum
888 2415 1091 2501 pradictum,
1109 2420 1283 2503 omniaque
1298 2419 1412 2494 faciat,

264 2502 465 2590 disputando
489 2510 524 2569 et
547 2438 768 2590 praedicandgo,
789 2524 861 2587 quae
883 2523 924 2565 ex
944 2524 1033 2571 more
1051 2502 1101 2568 ad
1116 2503 1242 2572 dictum
1265 2508 1415 2579 attinent

264 2590 423 2677 gradum3
446 2611 548 2653 annos
562 2599 659 2654 natus
674 2588 827 2673 triginta,
840 2587 944 2655 cultui
958 2587 1080 2663 divino,
1096 2592 1211 2658 virtuti
1222 2594 1414 2667 etacicntire

265 2698 429 2741 sacrarum
443 2676 612 2741 literarum
628 2674 772 2749 deditus,
785 2676 818 2749 in
832 2696 866 2738 re
876 2674 1027 2739 familiari
1041 2676 1206 2761 providus,
1224 2678 1257 2741 in
1272 2678 1324 2742 his
1338 2702 1413 2765 qna

265 2762 309 2827 ad
332 2769 522 2850 proventus,
543 2760 704 2840 redditus,
720 2759 867 2838 aedificia,
896 2761 1086 2835 locationes,
1113 2762 1348 2839 conductiones
1376 2776 1415 2836 et

265 2857 383 2915 caetera
404 2847 588 2949 hujusmodi
605 2848 787 2997 'dedinent’
801 2847 953 2997 ‘peritusl
963 2857 999 2915 et
1021 2858 1199 2950 expertus,
1226 2858 1291 2951 ut‚·
1304 2852 1413 2953 velnti

103 3045 247 3092 nissum»
265 2935 1410 3111 tttthlltttt,,ttt‘ttttltttttfttttttttt.

102 3106 161 3165 ¹³²5·
266 3107 316 3172 los
330 3109 570 3193 ministrosque,
583 3115 617 3171 et
629 3106 777 3179 famulos,
792 3127 1054 3192 unumquemque
1070 3130 1129 3171 suo
1140 3110 1265 3187 ordine,
1274 3112 1413 3179 subesse

267 3194 428 3275 volumus,
445 3202 482 3258 ut
497 3216 574 3269 eum
590 3194 729 3257 timeant
742 3200 781 3255 ut
795 3190 992 3278 Principem,
1008 3193 1118 3259 colant
1127 3203 1164 3267 nt
1175 3203 1312 3278 patrem,
1327 3198 1360 3264 ei
1373 3199 1412 3264 in

266 3282 378 3357 licitis,
394 3282 464 3357 sine
479 3300 646 3345 murmure.
659 3287 833 3365 parentes3
857 3279 1015 3362 querelas,
1039 3282 1268 3355 accusationes,
1288 3282 1410 3349 discor-
1431 3305 1438 3322 ¹

268 3368 352 3447 dias,
377 3368 407 3433 si
426 3390 498 3453 quae
518 3366 651 3439 fuerint,
676 3364 718 3429 ad
744 3386 820 3430 eum
843 3364 1038 3444 deferentes,
1062 3375 1102 3437 ut
1122 3367 1262 3439 discrete
1285 3370 1412 3444 audiat,

267 3452 449 3540 prudenter
464 3452 601 3539 judicet,
626 3450 738 3516 odium
765 3460 799 3516 et
822 3440 992 3521 dissidium
1016 3452 1120 3520 tollat,
1166 3452 1208 3520 ln
1228 3477 1292 3540 quo
1307 3458 1411 3526 officio

269 3562 344 3604 eum
367 3546 516 3626 perstare
543 3538 694 3611 volumus
725 3536 879 3619 quamdiu
909 3560 946 3604 se
969 3549 1096 3609 monete
1134 3550 1230 3626 gerat
1257 3550 1296 3610 et,
1322 3547 1411 3612 vivat

268 3624 450 3690 secundum
464 3631 660 3693 statutorum
676 3621 834 3694 ordinem,
859 3645 964 3708 neque
978 3624 1012 3688 in
1025 3626 1135 3712 episco
1160 3648 1215 3696 nm
1238 3629 1279 3692 sit
1301 3638 1412 3705 conse'-

268 3718 387 3783 cratus,
413 3709 605 3795 nullumque
620 3708 766 3779 notabile
779 3708 907 3776 incidat
917 3711 1051 3788 crimen,
1077 3650 1186 3799 qualia
1198 3724 1279 3781 sunt
1296 3737 1410 3798 usura,

268 3796 416 3872 simonia,
432 3795 651 3871 voluntarium
673 3794 897 3873 homicidium,
915 3798 1092 3883 perjurium
1113 3800 1334 3879 manifestum,
1356 3803 1410 3873 in·

268 3884 470 3951 continentia
483 3882 620 3955 notoria,
636 3881 831 3967 dilapidatio
844 3889 878 3946 et
888 3893 1004 3950 catera
1025 3886 1189 3953 enormia:
1212 3887 1246 3954 in
1264 3910 1336 3973 quae
1351 3898 1412 3957 aut

267 3991 379 4036 eorum
393 3968 519 4055 aliquid
533 3970 561 4033 si
576 3966 737 4049 inciderit,
755 3968 877 4048 statim,
901 3978 959 4034 aut
980 3970 1097 4035 saltem
1113 3972 1202 4037 intra
1223 3974 1411 4058 quindecim

268 4055 339 4121 dies
367 4060 514 4143 proxime
543 4066 722 4141 sequentes,
749 4053 792 4118 ad
812 4056 882 4141 ejus
912 4058 1109 4121 amotionem
1136 4060 1344 4144 procedatur,
1375 4057 1411 4131 et

267 4142 482 4208 effectualiter
496 4144 537 4207 ab
553 4142 655 4207 officio
670 4165 728 4206 suo
735 4145 834 4228 juxta
847 4141 983 4206 formam
997 4143 1085 4207 infra
1095 4144 1250 4246 traditam
1265 4147 1299 4211 in
1312 4170 1410 4216 omne

33 4355 82 4377 ..
103 4342 233 4404 „„„,
266 4251 370 4381 tlt
386 4228 1411 4402 {tlttait?ettt,lwtttet‘tlttttlttt5³33

135 4403 242 4453 asma.
266 4402 514 4501 quibuscunque
535 4400 632 4466 curiis
656 4407 859 4474 moveantur,
878 4399 985 4465 dictus
1007 4400 1200 4484 Praesident,
1226 4406 1413 4504 innomine
