3000 4700
261 185 305 251 66
464 185 599 251 &asses
612 187 651 270 os
663 183 782 270 Corpus
793 183 919 249 curati
937 184 1063 270 Collcys,
1080 186 1210 271 osferd,

262 348 515 412 Procuratorum
555 367 655 432 quam
698 347 837 412 aliorum
876 366 1143 433 quorumcunque
1178 349 1418 414 Universitatis

260 433 500 506 officiariorum,
511 434 616 496 minor
631 456 707 519 pars
722 435 887 498 Sociorum
903 435 1088 521 regentium
1104 435 1206 499 nostri
1222 433 1366 522 Collegii
1380 437 1415 498 in

263 519 487 584 Universitate
504 531 568 584 tem
615 541 651 583 re
665 519 831 586 electionis
852 519 1061 606 praesentium
1084 520 1260 584 mnformct
1286 544 1320 584 se
1344 545 1415 584 ma·

255 606 321 690 jori
348 607 435 691 parti
463 541 649 670 eorundiim.
696 604 795 682 Quod
823 605 851 668 si
875 607 1058 691 cujuspiam
1081 617 1266 670 murmuret
1291 608 1412 669 consci-

261 693 364 768 cntia,
382 692 466 754 absit
481 693 593 777 potius
609 692 651 754 ab
677 690 907 769 Universitate,
924 691 977 755 vel
998 692 1114 756 saltem
1130 692 1297 770 electione,
1313 715 1414 776 quam

261 776 371 863 palam
387 800 473 841 unus
488 787 547 841 aut
561 775 730 862 pauciores
744 800 765 840 a
779 777 935 862 pluribus
956 787 989 842 et
1004 777 1129 842 eisdem
1147 779 1247 843 Sociis
1262 779 1330 842 suis
1344 779 1414 841 dis-

260 864 381 927 sentire
410 864 591 942 videsntur,
622 864 685 926 sub
713 884 813 948 poena
847 863 1029 927 amissionis
1066 864 1229 949 pensionis
1258 887 1327 928 suae
1351 887 1414 950 per

261 971 383 1012 annum
402 950 550 1035 proxime
564 959 764 1030 sequentem.
781 960 814 1013 et
828 950 888 1013 hoc
902 949 973 1034 ipso
988 949 1084 1014 facto.
1128 949 1283 1014 Minister
1297 961 1412 1015 autem

259 1036 379 1103 sacelli.
395 1035 545 1099 scholaris
567 1035 655 1099 intra
671 1034 840 1099 biennium
859 1035 1063 1122 probationis
1076 1035 1130 1099 vel
1145 1035 1334 1119 discipulus,
1352 1038 1413 1117 qui

258 1131 374 1184 contra
388 1124 542 1204 majorem
559 1120 725 1186 Sociorum
739 1131 869 1206 partem
893 1120 1083 1207 praedictam
1099 1121 1293 1208 suffragium
1309 1121 1411 1187 dede-

259 1208 314 1286 rit,
330 1230 368 1271 e0
383 1208 454 1294 ipso
470 1231 489 1271 a
503 1217 615 1271 nostro
631 1206 781 1292 Collegio
795 1207 838 1269 sit
853 1210 976 1292 ejectus
996 1209 1032 1270 in
1053 1219 1263 1294 perpetuum.
1311 1209 1412 1285 Quod

257 1295 286 1356 si
301 1295 386 1357 Socii
400 1303 549 1380 regentes
564 1293 648 1357 inter
662 1316 696 1357 se
710 1293 760 1356 ita
775 1292 969 1358 dissentiant
984 1304 1025 1357 ut
1039 1296 1142 1376 major
1156 1316 1231 1380 pars
1245 1317 1358 1358 eorum
1372 1296 1411 1357 in

258 1402 361 1443 unum
391 1403 456 1442 non
485 1380 689 1455 conveniant,
719 1389 798 1442 tunc
819 1402 930 1444 omnes
958 1389 1106 1464 regentes
1134 1381 1237 1444 nostri
1265 1379 1411 1466 Collegii

258 1467 416 1529 seniorem
446 1466 572 1530 Socium
602 1464 748 1548 ejusdem
778 1467 1017 1550 regentem-ita
1044 1477 1226 1549 sequantur
1247 1477 1286 1530 ut
1312 1489 1413 1530 nemo

259 1573 381 1618 eorum,
406 1551 469 1614 sub
550 1550 599 1612 nis
625 1549 792 1636 praedictis
819 1551 933 1615 eodem
959 1550 1056 1615 modo
1078 1551 1278 1638 infligendis,
1301 1552 1408 1616 alium

257 1659 473 1721 quamquem
512 1637 596 1699 ictus
618 1636 724 1700 senior
738 1659 857 1736 regens
870 1639 974 1702 nostri
991 1636 1136 1723 Collegii
1157 1640 1188 1701 ei
1212 1639 1410 1724 praedixerit

256 1723 403 1787 nominet
417 1733 476 1786 aut
492 1722 601 1806 eligat.
621 1721 674 1784 vel
689 1722 788 1786 alicur
812 1723 909 1787 alteri
931 1734 1016 1794 voto,
1032 1746 1117 1790 voce,
1132 1747 1225 1811 prece
1241 1724 1293 1788 vel
1308 1724 1409 1789 aliter

258 1807 476 1891 quovismod0,
493 1807 704 1893 suffragetur.
749 1809 884 1872 Proviso
898 1831 1035 1895 semper,
1045 1820 1084 1873 ut
1099 1810 1208 1873 senior
1218 1809 1272 1874 ille
1287 1833 1409 1897 regens

256 1904 291 1958 et
305 1895 414 1959 caeteri
430 1917 550 1972 ornnes,
567 1895 601 1957 in
615 1893 803 1976 hujusmodi
823 1895 1044 1972 electionibus,
1060 1895 1192 1959 consilio
1206 1906 1240 1959 et
1260 1899 1407 1960 assensui

255 1983 461 2067 obtemperet
485 1979 691 2044 Prasidentis
711 1990 782 2058 aut,
803 2003 842 2044 eo
864 1983 1008 2055 absente,
1025 1981 1320 2068 Vicepraesidentis,
1345 1995 1408 2047 aut

257 2069 404 2148 utrisque
419 2068 609 2131 absentibus
625 2066 709 2130 Socii
729 2067 870 2131 maxime
884 2069 1027 2137 senioris,
1044 2069 1105 2132 sub
1122 2090 1223 2152 poena
1238 2071 1407 2153 ejectionis

256 2177 274 2216 e
291 2154 439 2236 Collegio
454 2153 488 2216 in
502 2163 707 2238 perpetuum.
750 2153 961 2218 Prohibemus
975 2155 1111 2240 insuper
1123 2177 1164 2217 nc
1180 2154 1251 2218 ulla
1266 2177 1407 2241 persona

93 2261 199 2332 Agamus
253 2241 357 2303 nostri
370 2240 521 2324 collegii,
533 2239 679 2323 exceptis
693 2237 835 2317 famulis
848 2238 979 2303 domum
995 2240 1134 2325 alicujus
1149 2240 1225 2303 laici
1241 2241 1295 2305 vel
1309 2241 1406 2305 laicae

93 2325 207 2425 ¹⁰:¹aessssss
255 2324 343 2389 intra
370 2324 626 2389 Universitatem
657 2324 711 2388 vel
735 2325 897 2389 suburbia
919 2325 1005 2390 infra
1034 2328 1133 2390 unius
1163 2326 1313 2391 milliaris
1335 2327 1405 2391 dis-

93 2392 207 2487 sciuris.
255 2412 403 2489 tantiam,
426 2432 489 2473 non
520 2409 721 2473 excludendo
761 2411 905 2475 officinas
933 2411 1006 2497 (sho
1030 2435 1088 2499 pas
1119 2416 1250 2492 vocant)
1281 2414 1405 2497 quibus

254 2497 361 2563 calcei.
375 2505 492 2572 vestes,
502 2496 581 2559 libri
596 2506 655 2559 aut
667 2496 856 2579 hujusmodi
871 2521 930 2576 res,
944 2436 1143 2578 venduntur,
1156 2521 1220 2563 non
1236 2500 1406 2575 victualia,

254 2605 295 2646 ex
320 2605 621 2667 quacunquecausa
646 2582 700 2646 vel
725 2605 785 2668 pro
805 2606 997 2669 quocunque
1019 2585 1153 2671 negotio
1174 2584 1404 2672 ingrediatur3

253 2670 315 2733 sub
329 2691 430 2754 poena
444 2669 623 2732 amissionis
638 2670 805 2733 convictus
819 2670 871 2733 sui
884 2692 945 2755 per
960 2692 1056 2734 unam
1073 2671 1289 2756 septimanam
1306 2673 1406 2737 toties

254 2758 385 2837 quoties
400 2755 432 2818 in
449 2776 488 2818 eo
502 2754 554 2817 vel
570 2755 728 2818 consimili
747 2755 935 2839 deliquerit,
952 2769 986 2821 et
999 2757 1059 2821 hoc
1074 2757 1144 2843 ipso
1161 2758 1264 2830 factm
1289 2759 1352 2821 nisi
1367 2760 1402 2823 in

152 2892 154 2899 .
252 2863 350 2904 causa
360 2840 468 2926 gravis
476 2841 677 2905 infirmitatis
687 2851 745 2905 aut
756 2841 822 2904 alia
834 2852 974 2927 urgente
984 2866 1090 2920 causa,
1101 2865 1160 2928 per
1170 2842 1404 2909 Prmsidentem
1417 2895 1420 2899 ι

252 2928 305 2991 vel
321 2926 630 3007 Vicepraesidentem
645 2937 679 2990 et
702 2949 800 2989 suum
816 2927 995 3006 Decanum,
1017 2937 1075 2992 aut
1099 2929 1181 3015 ipsis
1203 2940 1262 2993 aut
1286 2952 1403 2996 eorum

251 3014 363 3095 aliquo
378 3014 571 3077 absentibus
593 3036 652 3099 per
676 3034 788 3075 eorum
810 3011 995 3098 deputatos,
1011 3014 1099 3080 intra
1114 3015 1233 3099 viginti
1258 3027 1404 3100 quatuor

251 3099 528 3184 horasproximas
543 3099 596 3162 vel
609 3100 700 3185 prius
723 3099 947 3247 approbanda.
993 3100 1044 3165 Ut
1059 3111 1167 3165 tamen
1188 3101 1300 3185 aliqua
1322 3126 1402 3188 per·

250 3208 329 3250 sona
344 3186 446 3250 nostri
464 3184 749 3271 Co1legti,pcaeter
773 3186 909 3265 amulos,
924 3186 959 3249 in
973 3187 1086 3270 aliqua
1099 3210 1140 3249 ex
1149 3186 1301 3251 domibus
1315 3198 1403 3274 prse-

250 3272 345 3337 dictis
368 3295 408 3335 ex
432 3272 545 3354 aliqua
566 3293 662 3335 causa
676 3293 869 3356 quacunque
891 3272 1041 3336 comedat
1063 3282 1123 3336 aut
1145 3273 1251 3344 bibat,
1269 3286 1402 3356 praeter-
1496 3278 1498 3286 '

250 3380 349 3440 quam
365 3380 514 3422 excausa
528 3357 727 3420 infirmitatis
741 3359 849 3443 gravis
864 3369 922 3423 aut
937 3358 1001 3421 alia
1011 3382 1107 3422 causa
1123 3360 1352 3445 urgentissima
1365 3372 1419 3427 et'

248 3445 421 3521 rarissima,
437 3443 496 3529 p'er
511 3441 682 3529 praedictos
696 3453 735 3506 ut
749 3444 923 3529 praefertur
944 3445 1031 3508 intra
1054 3454 1183 3531 tempus
1205 3445 1401 3531 praedictum

249 3528 469 3614 approbanda,
495 3528 706 3613 prohibemus
729 3530 868 3607 omnino,
895 3531 958 3594 sub
982 3554 1082 3615 poena
1105 3532 1340 3595 subtractionis
1363 3544 1400 3598 et

248 3614 429 3677 amissionis
450 3614 617 3677 convictus
632 3614 684 3678 sui
706 3636 769 3699 pcr
791 3636 939 3694 mensem,
957 3618 1053 3682 toties
1077 3617 1203 3701 quoties
1226 3619 1261 3680 in
1280 3640 1318 3681 eo
1342 3618 1399 3682 de-

247 3698 414 3783 linquerit,
431 3708 464 3762 et
479 3699 538 3762 hoc
553 3700 623 3783 ipso
637 3700 730 3763 facto.
762 3700 869 3777 Quam
884 3703 982 3766 ctiam
997 3725 1127 3787 poenam
1139 3726 1178 3766 eo
1187 3703 1271 3767 facto
1279 3704 1399 3770 subeat

246 3795 282 3850 et
296 3784 441 3848 incurrat
462 3785 528 3869 qui,
546 3807 738 3866 quacunque
759 3784 800 3849 de
827 3810 933 3865 causa,
949 3789 1092 3872 aliquam
1107 3788 1239 3853 domum
1258 3812 1299 3853 ex
1315 3812 1397 3875 prae-

245 3870 342 3937 dictis
354 3871 525 3957 ingressus,
541 3894 636 3934 suum
650 3871 834 3957 ingressum
850 3874 1016 3960 praedictis
1027 3874 1221 3939 Praesidenti
1233 3877 1286 3939 vel
1299 3874 1398 3941 Vice-

244 3957 434 4045 praesidenti
449 3968 483 4023 et
499 3957 637 4036 caeteris,
652 3969 689 4021 ut
704 3958 887 4057 praefertur,
902 3960 992 4024 intra
1007 3962 1128 4047 viginti
1139 3971 1282 4046 quatuor
1301 3960 1397 4029 horas
1486 4024 1497 4038 ,

244 4046 409 4130 proximas
431 4055 507 4130 post
528 4044 716 4124 huiusmodi
738 4044 932 4131 ingressum,
955 4056 1082 4133 sponte,
1101 4048 1201 4112 etiarn
1216 4048 1243 4112 si
1264 4070 1328 4111 non
1344 4072 1395 4113 ro-

244 4144 341 4277 ἕθιιιι·
370 4142 431 4196 aut
457 4130 727 4218 deprehendatur,
748 4154 812 4195 non
836 4133 1045 4198 intimaverit.
1094 4135 1135 4198 Et
1165 4134 1223 4219 qui
1252 4134 1396 4218 aliquam

267 4240 376 4280 omum
403 4216 455 4281 vel
481 4219 667 4281 societatem
687 4228 868 4301 suspectam
893 4219 1156 4301 frequentaverit.
1241 4229 1396 4304 tesquam

180 4314 183 4321 ’
243 4322 303 4383 per
314 4301 487 4386 praedictos
497 4303 556 4366 illa
571 4303 601 4367 ei
617 4302 718 4366 fuerit
732 4301 913 4388 prohibita,
930 4314 965 4367 et
980 4304 1056 4367 inde
1066 4306 1166 4387 juxta
1190 4328 1313 4369 ormam
1327 4316 1397 4371 sta-
1484 4324 1498 4336 ”

242 4386 312 4448 tuti
319 4386 361 4449 de
368 4388 548 4471 majoribus
567 4387 756 4451 criminibus
775 4388 950 4474 puniendis
959 4390 1124 4454 convictus
1135 4390 1247 4465 fuerit,
1258 4414 1298 4455 eo
1308 4391 1397 4459 facto
