3000 4700
257 229 298 295 72
459 229 594 295 &aare
608 232 647 309 of
660 229 778 312 corpus
797 227 916 291 carisa
935 225 1060 311 Callope,
1082 227 1209 311 Oaford.

351 437 434 526 Cap.
450 441 502 505 30.
525 443 579 505 Da
586 424 785 526 promotione,
801 451 829 505 et
843 442 944 504 causis
959 439 1113 506 descrmdi
1131 439 1307 524 Colleqiam.
1399 409 1402 416 .

304 564 356 628 Ut
376 587 441 628 non
464 563 666 650 recipiantur
687 564 723 627 in
751 573 898 628 nostrum
922 563 1101 627 alvearium
1130 562 1310 649 transfugas
1339 584 1413 626 cum

259 651 429 729 voluerint,
460 672 518 714 nec
548 649 762 714 excludantur
786 655 879 734 justa
905 659 939 714 et
968 649 1105 714 honesta
1133 671 1229 712 causa
1258 649 1416 713 absentes

98 747 238 820 Forfeiture
259 736 418 800 habentes
433 736 578 800 animum
592 735 760 814 redeundi,
777 736 955 802 statuimus
970 745 1011 799 ut
1023 735 1135 817 siquis
1150 735 1254 799 nostri
1270 734 1413 821 Collegii

96 807 250 924 bandilii}
261 822 383 901 Sosius,
407 820 562 886 scholaris
585 821 638 885 vel
663 820 853 908 discipulus,
869 822 1060 908 religionem
1082 820 1228 902 aliquam
1247 820 1414 906 professus

99 926 239 996 uppremo
261 907 377 987 fuerit,
390 930 565 972 uxoremve
586 907 720 971 duxerit
744 918 803 972 aut
818 908 1064 971 matrimonium
1083 906 1136 969 vel
1153 907 1319 992 sponsalia
1336 929 1413 971 con·

99 986 219 1043 uomere
262 997 408 1073 traxerit,
424 1004 483 1058 aut
508 994 607 1059 alicui
630 993 795 1075 obsequio,
820 993 921 1056 officio
936 1003 997 1056 aut
1018 993 1183 1070 exercitio,
1208 1014 1268 1079 per
1282 993 1369 1074 quod
1393 1015 1415 1056 a

260 1081 370 1145 studio
384 1081 419 1144 in
437 1080 661 1144 Universitate
672 1079 791 1143 Oxonii
806 1079 896 1142 ultra
916 1101 1019 1142 unum
1034 1101 1176 1143 mensem
1190 1080 1224 1142 in
1246 1101 1340 1150 anno,
1358 1101 1412 1142 ex·

260 1167 362 1253 ceptis
376 1167 410 1231 in
425 1167 572 1252 proximo
586 1163 789 1252 precedente
807 1165 947 1251 capitulo
964 1165 1185 1251 praeacceptis,
1200 1165 1413 1250 impediatur,

261 1275 297 1316 se
311 1253 516 1331 commiserit,
533 1252 589 1316 vel
603 1251 647 1315 ad
660 1251 794 1333 aliquod
818 1251 909 1315 aliud
926 1250 1110 1338 Collegium
1130 1250 1166 1314 in
1184 1251 1412 1316 Universitate

263 1338 387 1401 Oxonii
401 1338 455 1402 vel
476 1347 581 1415 extra,
605 1346 643 1401 ut
669 1337 782 1400 Socius
796 1337 850 1401 vel
871 1336 1026 1402 scholaris
1052 1336 1207 1423 ejusdem,
1224 1336 1277 1402 vel
1297 1337 1414 1419 quovis

261 1423 328 1490 alio
345 1425 473 1487 nomine
489 1435 634 1499 vocatus,
649 1422 776 1487 electus
788 1423 842 1487 vel
859 1435 1045 1509 assumptus
1065 1434 1099 1488 et
1115 1422 1274 1486 admissus
1288 1422 1411 1500 fuerit3

262 1509 450 1575 immediate
473 1520 684 1595 posteaquam
711 1509 844 1591 aliquod
866 1509 1005 1574 istorum
1032 1509 1225 1573 Proesidenti
1245 1508 1297 1572 vel
1312 1507 1413 1572 Vice-

262 1594 450 1680 praesidenti
471 1606 507 1658 et
527 1595 655 1659 duobus
677 1594 751 1658 aliis
770 1595 871 1658 Sociis
885 1595 1051 1681 cognitum
1065 1595 1177 1674 fuerit,
1200 1617 1294 1659 omne
1306 1601 1362 1681 jus
1377 1606 1415 1661 et

262 1680 398 1744 titulum
411 1702 507 1762 quem
529 1681 565 1743 in
590 1691 697 1745 nostro
712 1681 858 1768 Collegio
872 1681 992 1746 habuit
1007 1703 1045 1745 eo
1068 1681 1140 1766 ipso
1161 1682 1304 1756 amittat,
1319 1690 1354 1744 et
1368 1683 1412 1746 ab

262 1766 321 1829 illo
336 1767 443 1852 primo
458 1766 584 1830 notitiae
599 1765 654 1829 dic
669 1767 703 1830 in
718 1789 853 1831 numero
869 1767 1041 1845 Sociorum,
1058 1767 1250 1830 scholarium
1269 1778 1329 1830 aut
1344 1767 1412 1831 dis-

261 1853 453 1939 cipulorum,
468 1851 612 1938 ejusdem
634 1875 801 1936 nunquam
822 1864 935 1939 postea
959 1863 1159 1918 numeretur.
1205 1853 1272 1927 Qui
1300 1863 1411 1917 autem

264 1939 308 2003 ab
331 1939 403 2025 ipso
425 1950 538 2004 nostro
562 1938 710 2024 Collegio
729 1940 838 2002 animo
861 1938 1031 2004 deserendi
1053 1939 1202 2004 studium
1217 1939 1412 2018 discesserit,

262 2024 350 2107 quod
372 2025 516 2112 intelligi
544 2025 694 2089 volumus
724 2048 793 2089 esse
820 2029 945 2090 factum
974 2048 1011 2089 eo
1040 2027 1108 2111 ipso
1133 2025 1221 2109 quod
1245 2025 1413 2089 Sociorum

263 2110 382 2194 aliquis
392 2112 485 2176 ultra
493 2111 714 2197 quadraginta
725 2111 807 2190 dies,
817 2111 994 2197 discipulus
1006 2133 1083 2176 vero
1095 2125 1152 2174 aut
1162 2110 1314 2175 scholaris
1322 2112 1413 2176 intra

261 2197 431 2262 biennium
445 2197 647 2284 probationis
666 2198 758 2262 ultra
775 2198 895 2283 viginti
910 2197 990 2275 dies,
1007 2198 1039 2260 in
1065 2219 1159 2276 anno,
1175 2198 1344 2261 continuos
1359 2198 1413 2262 vel

261 2281 402 2347 diversis
415 2284 541 2346 vicibus
563 2282 794 2363 discontinuos,
810 2293 954 2348 cessante
974 2283 1165 2347 infirmitate
1181 2284 1339 2371 corporali
1355 2305 1413 2347 seu

261 2371 469 2455 negotiorum
485 2368 629 2454 collegii
650 2371 885 2456 procuratione,
901 2378 936 2433 et
960 2370 1023 2434 nisi
1042 2394 1083 2435 ex
1103 2392 1200 2435 causa
1222 2370 1413 2435 rationabili

262 2454 457 2519 Praesidenti
466 2454 985 2541 veleoabsenteVicepraesidenti,
992 2466 1048 2519 aut
1056 2457 1213 2521 ambobus
1221 2457 1413 2521 absentibus

264 2541 356 2605 Socio
365 2541 506 2605 maxime
515 2541 632 2605 seniori
642 2542 676 2605 in
687 2541 911 2606 Univereitate
923 2543 1087 2627 prasenti,
1095 2544 1155 2605 uni
1163 2543 1299 2607 Decano
1310 2552 1344 2607 et
1353 2543 1413 2606 uni

270 2626 503 2713 Dispensatori,
520 2638 579 2691 aut
594 2650 704 2691 eorum
719 2627 896 2715 deputatis,
907 2650 943 2691 ac
957 2627 1086 2693 duobus
1093 2628 1167 2693 aliis
1177 2629 1279 2693 Sociis
1287 2652 1329 2693 ex
1337 2650 1412 2715 sep·

263 2721 331 2777 tem
339 2712 482 2776 maxime
492 2713 672 2777 senioribus
681 2723 758 2779 tunc
765 2714 1033 2781 inUniversitate
1043 2715 1412 2801 praesentibuaintravi·

264 2799 350 2884 giuti
361 2797 432 2863 dies
446 2801 493 2879 (et
508 2798 568 2863 hoc
580 2799 644 2862 nisi
653 2801 752 2864 semel
762 2801 795 2864 in
805 2802 903 2887 anno)
914 2810 988 2887 post
1000 2801 1129 2887 lapsum
1139 2800 1298 2865 dictorum
1309 2802 1413 2884 quad·

264 2884 397 2971 raginta
419 2883 546 2949 dierum
560 2885 589 2949 ai
603 2886 715 2954 socius
730 2887 843 2965 fuerit,
857 2888 975 2950 sivero
989 2886 1168 2989 discipulus
1184 2898 1244 2951 aut
1258 2887 1414 2952 scholaris

207 2974 213 2983 ’
264 2971 352 3036 intra
362 2971 532 3035 biennium
540 2972 742 3058 probationis
750 2983 828 3038 tunc
839 2974 927 3037 intra
935 2972 1044 3037 decem
1052 2972 1134 3052 d1es,
1144 2974 1245 3037 semel
1256 2985 1366 3038 tamen
1377 2975 1414 3039 in

264 3080 358 3137 anno,
368 3069 443 3144 post
452 3058 578 3143 lapsum
588 3057 752 3122 dictorum
762 3058 881 3145 viginti
889 3058 1018 3123 dierum
1032 3059 1218 3125 immediate
1230 3071 1413 3142 sequentes

264 3154 404 3223 ostensa,
414 3144 596 3229 significata
609 3155 643 3207 et
657 3143 833 3223 declarata,
849 3166 886 3209 ac
895 3144 994 3209 etiam
1003 3167 1067 3294 per
1081 3144 1209 3209 eosdem
1224 3155 1310 3225 tunc,
1322 3147 1415 3210 ordi·

263 3231 451 3295 nationibus
465 3230 607 3317 proximi
622 3230 832 3316 praecedentis
847 3231 988 3317 capituli
1027 3254 1045 3294 e
1060 3232 1154 3295 exitu
1170 3242 1203 3299 et
1217 3233 1313 3296 venia
1328 3256 1414 3295 sem·

264 3337 325 3401 per
341 3317 527 3381 inconcusse
541 3316 731 3395 observatis,
748 3318 939 3403 approbata,
962 3318 1004 3381 ab
1022 3316 1241 3382 Universitate
1255 3318 1413 3399 abfuerit,

264 3424 303 3466 co
317 3402 400 3488 ipso,
416 3413 453 3467 ut
469 3402 657 3487 transfuga»,
671 3401 852 3488 denegetur
867 3403 898 3466 ei
913 3403 1049 3481 reditus,
1063 3413 1097 3468 et
1115 3413 1236 3469 extunc
1252 3426 1289 3467 eo
1305 3405 1377 3490 ipso
1394 3428 1415 3469 a

263 3498 374 3552 nostro
390 3486 538 3572 Collegio
555 3487 590 3549 in
614 3499 811 3573 perpetuum
837 3498 965 3552 amotus
979 3499 1169 3566 censeatur;
1194 3490 1310 3553 diebus
1333 3513 1415 3573 quos

264 3572 476 3650 Doctoribus,
500 3572 726 3637 Baccalaureis
740 3584 774 3637 et
789 3572 968 3659 Magistris,
988 3574 1160 3662 theologis,
1176 3576 1218 3641 ad
1232 3576 1414 3663 praedican-

263 3656 343 3722 dum
357 3657 642 3743 proficiscentibus,
657 3659 692 3722 in
707 3659 863 3745 praedicto
878 3660 1023 3746 capitulo
1044 3662 1193 3747 proximo
1207 3662 1415 3747 precedente

264 3743 478 3812 concessimus
515 3743 549 3808 in
584 3765 721 3808 numero
757 3745 987 3833 praedictomm
1022 3747 1245 3834 quadraginta
1280 3748 1413 3815 dicrum

262 3828 397 3896 minime
416 3830 623 3915 computatis.
668 3831 704 3894 Si
719 3854 798 3895 vero
812 3831 1042 3918 praedictorum
1063 3834 1227 3899 Sociorum
1249 3845 1308 3899 aut
1322 3836 1413 3901 scho-
1488 3858 1495 3865 ·

102 3932 242 4004 aymare
261 3914 382 3982 larium
394 3915 557 4002 quispiam
565 3917 807 4001 patrimonium,
821 3917 1057 4000 haereditatem,
1066 3920 1241 3985 feodumve
1251 3924 1414 4002 saeculare,

99 3995 251 4095 ffiffnwssrm'
262 4002 480 4088 prebendam,
496 4002 632 4067 liberam
648 4004 804 4089 capellam
826 4018 883 4069 aut
897 4006 989 4069 aliud
1004 4006 1182 4086 consimile,
1197 4022 1254 4071 aut
1269 4030 1413 4073 annuam

101 4064 251 4154 officiosus
262 4090 448 4175 pensionem
473 4088 516 4154 ad
539 4091 716 4155 terminum
735 4093 810 4156 vitae
829 4092 1031 4172 duraturam,
1048 4092 1091 4157 ad
1109 4115 1253 4158 annuum
1268 4095 1413 4161 valorem

100 4166 213 4270 myos
261 4176 486 4239 communibus
509 4176 603 4239 annis
627 4189 756 4242 centum
780 4178 966 4257 solidorum,
991 4180 1061 4266 ipse
1084 4179 1137 4243 vel
1167 4182 1251 4244 alius
1278 4181 1321 4245 ad
1343 4187 1414 4267 ejus

103 4286 146 4329 100
155 4282 215 4328 shu-
262 4283 359 4325 usum
372 4274 407 4324 et
416 4260 617 4326 commodum
630 4274 796 4328 assecutus
808 4264 917 4341 fuerit,
928 4274 1006 4328 tunc
1015 4288 1100 4343 eum,
1113 4266 1201 4330 intra
1214 4280 1277 4331 tres
1288 4290 1413 4331 menses

100 4341 172 4400 ΒΨ·
262 4367 283 4408 a
306 4358 450 4444 tempore
474 4348 684 4413 assecutionis
713 4350 852 4435 alicujus
875 4348 1064 4434 hujusmodi
1081 4350 1292 4432 haereditatis,
1309 4354 1413 4440 patri-

64 4446 132 4463 *-
262 4452 374 4508 monn,
402 4432 565 4516 pensionis
593 4446 651 4497 aut
673 4434 772 4512 feodi,
796 4433 948 4498 continuo
969 4436 1195 4516 numerandos,
1218 4441 1413 4506 auctoritate
