3000 4700
225 175 269 264 42
428 171 563 240 &states
576 175 615 258 ο]
627 171 744 258 corpas
763 170 882 236 Christi
899 171 1025 270 Callope,
1043 167 1174 258 Orford

225 337 372 416 lectores,
383 334 838 421 castorearesponsoriorum,
849 333 1102 420 gradualiumet
1110 340 1304 399 caeterorum
1312 331 1377 398 bu·
1472 276 1480 373 i

220 429 278 509 jus
295 422 432 508 generis.
476 421 622 496 Quorum
638 421 852 506 inscriptioni,
867 419 1095 499 intitulationi,
1108 419 1326 505 assignationi
1340 427 1378 483 et

226 507 442 592 deputationi‚
456 529 569 571 omnes
595 513 628 570 et
651 507 797 592 singulos
813 505 933 585 Socios,
949 505 1120 584 scholares,
1135 505 1315 592 discipulos
1337 526 1376 568 ac
1481 562 1482 575 ,

227 595 394 659 ministros
417 592 537 671 sacelli,
561 613 674 678 parere
697 602 730 656 et
756 591 891 658 obedire
917 591 1137 678 praecipimus,
1152 591 1222 655 sine
1245 601 1377 656 contra·
1481 578 1484 678 l

228 679 371 745 dictione
400 686 446 742 et·
461 699 636 744 murmure.
696 675 836 742 caeteris
865 686 976 742 autem
1005 677 1098 742 lestis
1133 686 1167 741 et
1194 675 1378 742 Dominicis
1483 683 1484 758 ρ

229 773 411 848 exequatur
432 765 544 832 Socius
570 786 635 827 nou
660 761 870 850 Vicepraeses,
888 763 1068 828 secuudum
1080 761 1290 826 Decanorum
1316 770 1378 825 aut

231 850 465 937 deputatorum
488 849 755 936 assignationem,
773 849 887 934 habito
909 857 1059 936 respectu
1081 847 1124 912 ad
1147 847 1380 912 solennitatem
1485 922 1486 927 η

232 935 307 1002 festi
321 945 354 1000 et
369 935 445 1001 diei.
494 935 536 999 Et
550 935 584 998 in
600 934 665 999 illis
680 933 836 1011 etiamst
851 935 883 998 in
898 933 1132 1021 principalibus
1148 942 1182 998 et
1197 933 1378 998 ma‘oribus

232 1023 324 1086 lestis
333 1021 453 1104 quibus
466 1019 648 1085 Praesidens
663 1019 987 1107 autVicepraesidens
1000 1041 1065 1086 non
1080 1020 1235 1102 exequuti
1245 956 1384 1095 inerint,

234 1107 457 1192 Evangelium
485 1108 575 1192 legat
606 1107 750 1176 sacrista,
774 1104 945 1204 Epistolas
970 1107 1004 1169 in
1027 1106 1179 1170 omnibus
1209 1104 1380 1191 praedictis
1482 1140 1488 1159 ·

233 1193 347 1280 legant
362 1192 548 1258 scholastici
562 1201 596 1256 et
612 1191 823 1256 Baccalaurer
838 1212 899 1277 per
914 1191 1062 1256 Decauos
1079 1191 1129 1254 vel
1145 1213 1259 1255 eorum
1274 1189 1379 1274 depu-
1488 1262 1489 1265 Ἴ

234 1286 322 1344 tatos
351 1277 394 1342 ad
424 1279 485 1344 hoc
517 1277 557 1342 de
582 1278 679 1356 utati,
703 1275 819 1340 habita
846 1277 972 1341 ratione
999 1277 1208 1341 solennitatis
1235 1284 1270 1340 et
1298 1275 1381 1340 diei.
1489 1328 1490 1357 ,

71 1369 194 1416 renatae
236 1363 334 1443 Quod
349 1363 378 1427 si
392 1365 476 1447 quis,
494 1300 739 1448 perffiecanum
754 1361 808 1426 vel
821 1363 891 1450 ejus
907 1361 1102 1448 deputatum
1116 1363 1304 1448 assignatus
1318 1371 1383 1425 aut
1490 1360 1491 1389 ¹

71 1427 213 1544 ffiffim
236 1449 423 1534 deputatus,
440 1449 483 1512 ad
502 1449 678 1535 legendum
696 1456 755 1512 aut
777 1447 988 1527 cantandum,
1004 1458 1042 1513 ut
1056 1447 1283 1534 praemittitur,
1298 1469 1381 1533 neg·
1489 1451 1492 1458 '

234 1537 319 1622 ligat
345 1544 380 1600 et
408 1542 605 1605 contemnat,
628 1535 659 1597 si
682 1533 866 1619 graduatus
889 1541 948 1599 aut
971 1535 1082 1598 Socius
1106 1555 1171 1598 non
1198 1533 1384 1620 graduatns
1492 1558 1493 1565 ¹

235 1622 345 1693 fuerit,
360 1642 420 1708 pro
442 1621 549 1705 prima
569 1621 639 1684 vice
661 1641 721 1706 per
745 1642 847 1684 unum
872 1618 959 1685 diem
981 1620 1131 1684 convictu
1147 1620 1383 1767 priveturo,(pro

236 1706 379 1772 secunda
402 1729 461 1793 per
484 1705 632 1776 biduum,
658 1727 719 1791 pro
747 1705 846 1771 tertia
874 1727 935 1792 per
961 1704 1185 1791 quatriduum.
1231 1705 1284 1782 Qu
1350 1705 1383 1768 si

235 1801 351 1876 quarto
374 1802 433 1857 aut
456 1791 589 1877 saepius,
605 1791 765 1879 puniatur
785 1790 919 1877 gravius
937 1796 1036 1876 juxta
1049 1792 1244 1875 qualitatem
1259 1790 1385 1869 delicti,

237 1878 375 1942 arbitrio
405 1877 620 1942 Praesidentis
655 1878 707 1942 vel
738 1877 1027 1962 Vicepraesidentis
1055 1888 1090 1942 et
1118 1876 1213 1940 unius
1244 1877 1385 1940 Decani.

238 1965 462 2028 Contemnens
490 1972 610 2042 autem,
634 1973 692 2028 aut
712 1985 868 2027 recusans
889 1963 942 2026 vel
965 1963 1149 2048 negligens,
1171 1963 1304 2027 missam
1330 1985 1384 2026 so·

236 2049 368 2114 lennem
382 2051 448 2114 sibi
466 2049 645 2115 limitatam
659 2056 695 2114 et
710 2049 913 2136 assignatam
926 2048 1102 2121 celebrare,
1117 2070 1177 2135 pro
1191 2049 1297 2134 prima
1312 2048 1387 2112 vice
1497 2114 1498 2124 ,

236 2158 297 2221 ρει·
319 2137 547 2223 septimanam,
566 2159 627 2223 pro
649 2133 794 2200 secunda
815 2156 876 2221 per
898 2133 1108 2217 quindenam,
1122 2155 1183 2222 pro
1206 2134 1305 2198 tertia
1327 2154 1388 2219 ρει·

237 2244 391 2299 mensem,
412 2222 562 2286 convictu
586 2244 646 2285 suo
670 2221 831 2307 privetur.
874 2219 925 2284 Et
947 2219 1071 2305 saepius
1086 2220 1312 2286 contemnenti
1326 2226 1387 2284 aut

236 2308 425 2394 negligenti
452 2308 581 2395 gravior
609 2306 778 2393 infligatur
806 2328 914 2393 poena,
938 2307 1119 2373 secundum
1149 2307 1385 2395 praedictorum

239 2394 488 2457 aestimationem
504 2401 537 2458 et
552 2392 734 2458 arbitrium.
781 2392 878 2467 Quod
900 2393 930 2457 si
952 2392 1133 2477 discipulus
1156 2402 1214 2459 aut
1229 2392 1388 2458 scholaris

239 2478 281 2543 ad
296 2479 468 2543 biennium
480 2479 693 2564 probationis,
705 2478 762 2563 qui
776 2479 810 2541 in
822 2478 933 2565 aliquo
944 2480 1186 2566 praemissorum
1199 2478 1388 2562 deliquerit,

239 2586 304 2627 non
333 2562 514 2649 graduatus
542 2564 654 2643 luerit,
679 2564 708 2627 is
737 2563 790 2629 vel
813 2564 1007 2630 verberibus
1035 2566 1226 2652 castigetur,
1256 2574 1314 2630 aut
1343 2564 1389 2629 ad

239 2672 339 2714 unam
354 2649 538 2713 mensulam
552 2651 696 2730 seorsim,
713 2650 747 2713 in
762 2649 872 2715 medio
891 2650 986 2731 aule,
1010 2651 1079 2715 solo
1092 2673 1175 2736 pane
1189 2659 1224 2716 et
1246 2659 1338 2750 potu,
1351 2657 1388 2715 et

240 2737 270 2799 si
284 2734 428 2798 crebrius
443 2734 513 2797 sola
524 2757 607 2817 aqua
621 2745 655 2800 et
668 2757 764 2821 pane,
777 2736 956 2801 secundum
967 2737 1185 2820 quantitatem
1193 2736 1316 2817 delicti,
1325 2758 1388 2824 pro

239 2819 470 2907 praedictorum
487 2820 621 2884 arbitrio
638 2821 683 2886 sit
704 2829 887 2895 contentus,
903 2831 963 2887 aut
986 2822 1051 2886 alia
1074 2845 1177 2909 poena
1197 2845 1271 2906 quae
1297 2845 1388 2909 prae·

240 2908 405 2970 dictorum
425 2904 555 2990 judicio
577 2906 779 2992 praesentius
801 2906 952 2973 videatur
978 2908 1094 2973 afferre
1117 2910 1299 2973 remedium
1322 2930 1389 2996 pu-

240 2993 360 3055 niatur.
422 2991 560 3068 Qualem
588 2993 690 3056 etiam
748 2993 930 3058 unitionem
965 2993 1114 3059 volumus
1136 2994 1172 3057 in
1199 2993 1392 3080 huJ'usmodi

240 3076 413 3163 discipulis
441 3092 472 3142 et
502 3078 704 3142 scholaribus
723 3014 851 3142 baberi
877 3079 907 3141 si
932 3100 953 3141 a
974 3078 1096 3144 divinis
1125 3080 1234 3144 absint
1262 3082 1389 3145 officiis.

243 3163 433 3242 statuimus,
444 3164 588 3250 insuper,
600 3165 681 3228 utin
695 3170 804 3227 nostro
814 3164 975 3251 Collegio,
988 3165 1127 3251 singulis
1137 3166 1254 3230 diebus
1265 3175 1390 3253 praeter

243 3248 454 3328 Parasceven‚
479 3250 513 3313 in
558 3258 741 3335 erpetuum,
765 3257 832 3314 tres
855 3251 965 3315 missae
989 3249 1031 3314 de
1050 3249 1105 3315 die
1118 3250 1334 3325 celebrentur,
1353 3263 1389 3317 et

241 3342 317 3420 post
332 3343 470 3399 mortem
479 3273 652 3400 Widbelmi
674 3336 772 3399 Frost
793 3344 826 3399 et
841 3334 985 3401 Julianae
1007 3338 1116 3400 uxoris
1139 3337 1289 3423 ejusdem
1307 3359 1389 3420 qua-

243 3428 330 3484 tuor.
377 3422 528 3494 Quorum
543 3422 659 3507 prima,
668 3443 740 3504 quae
753 3420 878 3485 dicatur
892 3422 1109 3500 matutinalis,
1120 3422 1262 3509 singulis
1271 3422 1390 3488 diebus

266 3505 405 3582 rofcstis,
429 3527 556 3570 summo
577 3528 683 3583 mane,
712 3505 794 3571 hora
815 3507 933 3589 quinta
954 3514 1012 3572 aut
1037 3508 1165 3573 circiter
1194 3510 1388 3576 celebretur.

241 3526 352 3665 guam
368 3589 525 3677 discipuli
547 3614 659 3656 omnes
682 3603 714 3654 et
737 3591 898 3656 scholares
921 3592 963 3655 ad
988 3594 1158 3660 biennium
1172 3595 1389 3681 probationis,

241 3675 341 3739 etiarn
370 3675 525 3773 graduati
551 3685 585 3739 et
608 3676 695 3740 Socii
709 3699 775 3742 non
798 3676 966 3765 Magistri,
990 3679 1056 3743 illis
1078 3679 1198 3745 diebus
1213 3681 1352 3746 audiant
1368 3704 1390 3745 a

240 3760 405 3846 principio
429 3760 575 3846 ejusdem
590 3784 694 3845 usque
719 3762 761 3826 ad
788 3764 895 3828 finem.
940 3765 1109 3829 Absentes
1131 3788 1208 3831 vero
1233 3775 1294 3830 aut
1322 3774 1391 3832 tor-

240 3854 357 3933 pentes
369 3846 501 3933 perinde
517 3848 721 3933 castigentur
735 3871 773 3913 ae
788 3850 817 3913 si
833 3849 963 3915 amissa
978 3851 1011 3914 in
1028 3851 1083 3915 die
1094 3852 1181 3917 festo
1195 3851 1389 3919 abluissent.

243 3933 373 3996 Diebus
388 3954 465 3997 vero
479 3933 614 4012 lestivis,
627 3934 713 3999 inter
728 3935 870 4023 primam
883 3935 951 4000 diei
965 3946 999 4000 et
1017 3938 1258 4023 processionem
1272 3937 1389 4003 eadem
1474 4001 1483 4010 ,

240 4017 342 4082 missa
356 4019 549 4085 celebretur.
594 4020 640 4085 Et
656 4020 744 4086 hauc
762 4022 897 4086 missam
911 4022 995 4086 inter
1009 4045 1045 4087 se
1059 4023 1236 4102 celebrent,
1251 4023 1304 4087 vel
1318 4025 1389 4091 suis

241 4104 431 4188 sumptibus
439 4127 498 4191 per
510 4104 654 4189 aliquem
664 4106 880 4172 domesticum
890 4109 1050 4173 celebrari
1061 4110 1191 4188 saciant,
1201 4109 1390 4177 Praecentor

240 4195 275 4251 et
290 4190 424 4253 sacrista
434 4190 572 4255 alternis
586 4192 809 4272 hebdomadis,
822 4192 864 4256 ad
879 4193 983 4259 altare
994 4196 1101 4259 sancti
1111 4195 1301 4274 cuthberti,
1313 4218 1389 4261 cum

239 4274 383 4337 oratione
392 4280 411 4311 “
420 4274 635 4364 Inclina''pro
643 4280 752 4343 anima
761 4278 1131 4357 JohannisHudleston,
1139 4280 1259 4363 equitis
1269 4282 1390 4357 aurati,

239 4365 274 4421 ct
284 4356 303 4420 J
307 4358 445 4442 channae
456 4368 528 4448 ejus
537 4364 693 4449 conjugis,
707 4371 891 4450 parentum,
902 4364 1148 4431 benefactorum
1157 4374 1191 4429 et
1200 4367 1390 4441 amicorum,
