3000 4700
243 193 287 256 oo
445 194 760 281 mosoma
776 196 896 262 xorote·
914 197 1037 282 nsua,
1057 197 1186 282 offere.

245 357 313 422 vari
332 355 367 421 in
384 357 481 437 vasis,
500 359 637 444 poculis,
659 359 783 434 salinis,
802 359 1024 426 cochlearibus
1044 367 1078 424 et
1097 360 1171 424 eliis
1187 359 1392 438 necessariis,

83 465 227 515 numum
247 443 1395 532 argenteisvelaureis,pertinentibusadaulam,panariumpotarium,

83 524 193 583 ⁰fP¹⁸‘⁰·
247 537 306 594 aut
316 530 500 595 cubiculum
512 534 724 597 Prasideutis
735 532 786 597 vel
799 533 935 598 aliorum
950 555 1229 616 quorumcunque,
1243 533 1395 597 ucetiam

247 617 281 680 in
296 617 389 680 libris
403 619 461 699 qui
476 617 517 682 ad
528 619 769 684 Bibliothecnm
780 621 931 694 attinent,
944 630 1002 683 aut
1012 622 1070 703 qui
1084 621 1183 684 Sociis
1222 643 1258 684 er
1273 619 1395 683 inden-

248 710 340 766 turas
353 704 608 769 commodantur.
637 704 729 769 Illud
742 728 871 788 quoque
885 706 1068 792 adjicimus,
1083 715 1121 770 ut
1136 707 1169 768 in
1217 705 1396 770 ibliotheca

84 801 207 847 &mend
248 790 358 854 nullus
381 790 537 855 inferatur
559 801 616 855 aut
636 793 800 856 catinetur
814 794 907 866 liber,
922 792 988 856 nisi
1003 793 1047 856 sit
1060 793 1277 878 competentis
1293 793 1395 878 pretii

84 859 192 966 mei
249 890 306 939 aut
328 877 492 952 utilitatis,
508 879 573 941 nisi
595 877 629 942 id
649 880 841 964 praeceperit
861 878 1011 943 voluntas
1030 877 1216 955 donatoris3
1233 887 1298 942 'nec
1313 879 1394 943 inde

248 962 438 1027 extrahatur
451 964 513 1027 nisi
526 964 609 1029 forte
624 964 788 1029 abundent
803 964 843 1029 de
859 986 897 1028 ea
920 966 1066 1043 materia,
1087 973 1145 1028 aut
1163 965 1246 1028 alius
1264 987 1302 1028 eo
1323 986 1394 1028 me-

247 1047 309 1112 lior
323 1059 359 1114 et
372 1051 504 1137 majoris
517 1052 623 1134 pretii,
638 1053 696 1133 qui
716 1051 788 1135 ejus
804 1050 910 1115 locum
934 1050 1096 1136 suppleat,
1112 1074 1131 1114 e
1153 1073 1317 1134 qucquam
1331 1050 1394 1116 do·

247 1143 356 1202 netur.
403 1136 458 1200 Ita
488 1147 526 1200 ut
555 1137 631 1200 libri
660 1138 715 1221 qui
745 1144 825 1200 sunt
845 1136 1061 1223 pretiosiores,
1079 1146 1113 1201 et
1137 1137 1172 1200 in
1199 1159 1395 1220 quacunque

245 1219 402 1286 facultate
426 1224 529 1308 magis
547 1224 660 1288 utilem
674 1223 717 1287 ad
732 1223 877 1288 studium
893 1223 1121 1287 scholasticum
1135 1224 1395 1308 complectuntur

246 1311 427 1388 materiam,
442 1309 476 1371 in
493 1308 698 1374 Bibliotheca
712 1317 921 1396 reponantur.
966 1309 1058 1374 Alios
1073 1331 1149 1373 vero
1168 1310 1320 1394 indignos
1336 1309 1391 1371 Bi·

246 1392 417 1474 bliotheca,
434 1406 491 1457 aut
506 1417 644 1477 quorum
660 1396 856 1482 exemplaria
870 1396 903 1458 in
919 1418 959 1460 ea
974 1396 1052 1459 satis
1068 1396 1213 1473 affluunt,
1231 1397 1393 1482 permitti-

245 1499 321 1543 mus
343 1494 379 1543 ut
406 1480 492 1544 Socii
517 1482 621 1546 nostri
646 1481 785 1568 Collegii
811 1483 981 1568 recipiant,
996 1503 1055 1566 per
1081 1481 1272 1546 indenturas
1302 1483 1393 1546 inter

246 1565 491 1644 Praesidentem‚
506 1566 558 1630 vel
573 1589 612 1630 eo
626 1569 762 1632 absente
778 1565 1098 1654 Vicepraesidentem,
1114 1577 1148 1633 et
1163 1589 1265 1631 unum
1283 1569 1393 1633 Deca-

246 1675 373 1726 norum,
389 1662 449 1717 aut
464 1653 599 1740 alicujus
614 1655 882 1718 eorum-absentis
896 1654 1112 1739 deputatum,
1124 1677 1161 1720 ac
1182 1653 1257 1718 illos
1269 1663 1391 1718 mutuo

245 1739 451 1822 recipientes.
498 1739 539 1802 In
555 1739 672 1822 quibus
685 1739 876 1819 indenturis‚
892 1741 926 1804 in
947 1741 1098 1806 manibus
1112 1739 1322 1805 Praesidentis
1337 1741 1394 1805 vel

246 1824 534 1912 Vicepraesideutis
550 1825 592 1889 ad
606 1828 730 1890 exitum
744 1829 822 1890 anni
836 1827 1045 1908 remansuris,
1061 1827 1282 1892 inscribantur
1295 1827 1394 1891 initia

246 1910 465 1976 secundorum
493 1913 669 1998 cujuslibet
698 1913 772 1977 libri
798 1913 950 1978 foliorum
976 1913 1024 1978 ita
1047 1913 1252 1978 commodati.
1295 1914 1392 1988 Quas

244 1997 438 2064 indenturas
467 2021 540 2063 cum
563 1999 670 2078 libris,
701 2008 848 2084 tempore
874 2001 1113 2064 convocationis
1136 1999 1222 2064 infra
1250 2007 1389 2078 statuto,

244 2085 386 2150 referant
410 2085 462 2149 vel
490 2085 603 2170 referri
628 2087 759 2158 faciant,
783 2108 820 2150 ac
851 2084 894 2150 de
924 2086 1015 2149 libris
1050 2094 1165 2151 mutuo
1192 2086 1391 2171 recipiendis

245 2193 348 2235 novas
367 2172 489 2236 faciant
507 2172 715 2241 indenturas.
736 2173 799 2236 sub
820 2193 919 2258 poena
934 2169 1126 2259 perditionis
1147 2174 1314 2236 convictus
1328 2194 1391 2259 per

242 2279 345 2321 unum
360 2279 516 2322 mensem.
574 2259 680 2331 Quam
693 2258 854 2321 librorum
868 2257 1170 2330 commodationem,
1187 2258 1392 2322 distributio-

244 2365 329 2417 nem,
345 2367 382 2407 ac
396 2345 430 2408 in
443 2342 585 2426 quodam
598 2343 736 2431 registro
746 2343 917 2409 chartaceo
932 2345 1000 2410 sive
1015 2345 1124 2433 papiri
1133 2346 1390 2430 inscriptionem,

242 2430 393 2492 volumus
419 2430 531 2515 perlici
556 2431 645 2494 intra
667 2438 741 2493 octo
766 2430 836 2493 dies
858 2442 932 2517 post
956 2432 1108 2497 calendas
1139 2432 1303 2497 Octobris.
1348 2433 1391 2497 ln

242 2538 308 2598 qua
323 2514 560 2587 distributione,
576 2537 687 2579 omnes
707 2516 784 2581 libri
799 2517 970 2603 theologiae
992 2519 1077 2581 inter
1096 2517 1287 2602 Magistros,
1309 2518 1391 2582 libri

243 2609 353 2666 autem
375 2601 589 2688 philosophiae
608 2611 643 2666 et
661 2602 887 2667 mathematici
901 2605 1001 2667 etiam
1026 2604 1135 2668 Gracci
1157 2606 1242 2669 iuter
1267 2606 1391 2669 Bacca·-

134 2732 136 2736 -
243 2687 383 2767 lcareos,
399 2688 476 2751 libri
490 2698 603 2752 autem
618 2688 833 2754 humanitatis
852 2698 886 2753 et
910 2690 1019 2754 Graeci
1041 2691 1127 2754 inter
1151 2688 1390 2755 Baccalaureos

243 2782 277 2838 et
292 2774 509 2849 scholasticos,
524 2775 644 2854 Socios,
661 2774 823 2841 scholares
836 2783 892 2840 aut
908 2776 1092 2863 discipulos,
1104 2778 1202 2861 juxta
1216 2778 1390 2842 arbitrium

246 2859 466 2939 Praesidentis,
478 2862 577 2924 unius
592 2860 722 2925 Decani
742 2869 777 2925 et
802 2863 896 2925 unius
921 2862 1176 2946 Dispensatoris,
1189 2872 1258 2941 aut,
1275 2863 1390 2927 Praesi-

243 2945 343 3011 dente
352 2947 498 3025 absente,
513 2947 800 3032 Vicepraesidentis
811 2957 844 3010 et
856 2955 1044 3012 caeterorum
1055 2948 1292 3034 praedictorum,
1305 2948 1389 3013 divi·

243 3032 375 3113 dantur,
392 3035 453 3097 nisi
470 3033 619 3098 voluntas
634 3035 829 3097 donatorum
851 3055 1001 3119 expresse
1022 3037 1263 3122 repugnaverit.
1310 3036 1390 3101 Per·

80 3175 135 3221 Sale
147 3174 177 3220 of
244 3120 404 3185 mittimus
417 3128 529 3185 tamen
540 3129 587 3198 ut,
599 3122 628 3183 si
638 3119 748 3184 forsan
760 3118 907 3204 posthac,
920 3142 961 3184 ex
972 3120 1126 3207 largitate
1143 3121 1340 3186 donatorum
1355 3130 1390 3187 et

80 3232 166 3291 boon,
174 3233 216 3281 aa.
245 3205 359 3271 eadem
372 3208 518 3279 materia,
534 3215 584 3272 tot
604 3205 776 3271 abundent
801 3206 875 3270 libri
899 3224 934 3271 ut
958 3208 1058 3271 etiam
1081 3208 1207 3273 inutilis
1229 3209 1271 3273 sit
1287 3209 1389 3275 Sociis

244 3295 417 3367 mutuatio,
438 3301 526 3370 tunc,
543 3315 583 3357 ex
597 3315 757 3357 consensu
772 3293 985 3357 Praesidentis
1000 3302 1034 3357 et
1059 3296 1190 3380 majoris
1210 3296 1313 3382 partis
1338 3318 1388 3359 se·

245 3379 384 3458 nicrum,
399 3379 584 3444 vendantur
607 3379 651 3443 ad
674 3379 851 3444 utilitatem
869 3379 962 3445 Colle
988 3381 1020 3444 ii.
1066 3380 1163 3457 Quod
1180 3384 1279 3447 etiam
1295 3382 1389 3445 volu-

244 3488 318 3529 mus
331 3466 497 3529 observari
523 3474 558 3528 et
580 3466 615 3529 in
639 3465 712 3529 aliis
736 3466 834 3529 rebus
857 3403 1035 3531 mobililms
1060 3468 1241 3545 inutilibus,
1258 3476 1291 3531 et
1315 3489 1389 3549 quae

245 3559 393 3637 tempore
404 3559 604 3637 putrescant,
614 3551 862 3633 quibuscunque
874 3559 987 3615 nostro
998 3552 1147 3639 Collegio
1157 3553 1279 3616 collatis
1291 3578 1300 3631 ;
1324 3553 1390 3618 nisi

245 3638 357 3701 obstet
380 3643 416 3699 et
443 3658 596 3722 expresse
619 3636 807 3701 adversetur
838 3636 1007 3703 donatoris
1029 3639 1186 3704 voluntas.
1235 3640 1388 3704 Hocin-

81 3760 224 3808 homusion
245 3745 342 3808 super
365 3729 491 3786 statuto
514 3722 651 3786 facimus
673 3731 872 3808 potestatem
897 3724 1100 3802 Praesidenti,
1117 3726 1257 3812 singulis
1274 3726 1386 3800 Sociis,

80 3823 106 3867 to
121 3820 232 3881 ubmry.
244 3800 456 3887 schola'ribus,
472 3808 641 3894 discipulis
651 3809 773 3894 juratis
789 3818 823 3873 et
841 3810 1000 3875 ministris
1020 3811 1139 3891 sacelli,
1157 3812 1330 3877 accedendi
1345 3812 1387 3878 ad
1499 3847 1500 3852 ¹

246 3895 494 3974 Bibliothecam‚
519 3896 616 3958 venia
636 3895 737 3959 semel
762 3918 782 3960 a
807 3896 1012 3961 Praesidente
1035 3896 1089 3961 vel
1113 3898 1389 3985 Vicepraesidente

244 3984 352 4069 petita
375 3991 409 4049 et
433 3982 582 4054 obtenta,
609 3982 675 4046 nisi
697 3995 812 4068 postea
835 4004 947 4048 eorum
974 3982 1091 4067 aliquis
1114 4006 1173 4070 per
1192 3983 1323 4049 eosdem
1337 3988 1389 4049 vel

242 4092 350 4135 eorum
372 4069 512 4133 alterum
533 4090 686 4155 expresse
709 4068 932 4154 prohibeatur.
978 4070 1192 4135 Concedimus
1207 4091 1335 4154 quoque
1350 4080 1388 4135 ut

244 4178 356 4221 eorum
364 4156 516 4239 quilibet,
528 4155 623 4219 venia
638 4178 658 4219 a
672 4154 873 4219 Praesidente
887 4165 943 4220 aut
954 4155 1231 4241 Vicepraesidente
1242 4158 1388 4236 obtenta,

244 4240 362 4306 habeat
375 4244 496 4306 clavem
505 4241 682 4327 propriam,
692 4264 755 4324 qua
765 4242 866 4307 libere
878 4243 986 4306 valeat
994 4243 1128 4326 ingredi
1142 4250 1174 4306 et
1190 4242 1325 4327 egredi3
1341 4244 1390 4309 ita

244 4335 285 4390 ut
307 4349 373 4391 nou
396 4327 531 4392 inducat
551 4335 731 4404 extraneos,
747 4328 812 4392 nisi
831 4352 902 4393 cum
921 4328 1042 4410 quibus
1057 4328 1127 4413 ipse
1143 4330 1193 4391 vel
1209 4328 1293 4393 alius
1309 4329 1391 4394 dicti

245 4412 387 4496 Collegii
400 4413 521 4488 Socim,
534 4412 690 4476 scholaris
708 4413 762 4477 vel
783 4412 960 4497 discipulus
978 4418 1121 4497 Juratus,
1138 4413 1219 4479 velit
1236 4416 1390 4482 continue

245 4496 461 4579 personaliter
476 4496 599 4575 adesse,
615 4508 726 4582 etpro
739 4500 857 4579 quibus
872 4498 975 4563 etiem
986 4498 1077 4587 velit,
1090 4498 1119 4561 si
1134 4500 1221 4581 quod
1238 4500 1392 4569 damnum
