3000 4700
257 236 316 300 100
453 236 590 303 Statatea
604 233 773 321 ‹ffCorpm
791 233 909 299 Christi
923 227 1050 317 0011090,
1070 232 1199 318 0010111.

252 404 386 491 dignam
401 404 649 490 castigationem
665 403 814 467 convictu
828 424 887 466 suo
901 401 1083 490 priventur,
1099 398 1151 463 vel
1165 397 1407 484 incorrigibiles

253 514 272 554 a
287 491 503 555 contubernio
519 499 630 554 nostro
650 489 877 554 excludantur.
925 487 1108 552 Statuimus
1126 486 1231 570 igitur
1246 494 1287 549 ut
1301 486 1407 547 omni·

90 587 171 633 with-
253 578 315 641 bus
330 586 364 641 et
386 578 523 660 singulis
536 577 641 641 nostri
657 575 798 662 Collegii
814 574 926 652 Sociis,
947 572 1158 650 scholaribus,
1175 570 1348 658 discipulis
1372 578 1407 634 et

89 646 221 750 {mx
252 663 419 742 ministris,
435 663 625 728 communiae
641 684 700 748 per
714 683 774 725 nos
790 661 945 725 ordinatae
962 668 996 722 et
1011 659 1131 722 debitae
1148 657 1408 721 sustentationes

214 741 220 753 ’
252 750 400 837 praestari
416 749 568 828 debeant,
591 771 689 832 qnam
709 747 767 811 diu
785 748 853 811 suis
869 745 1093 832 superioribus
1115 743 1357 806 rationabiliter
1372 751 1407 806 et

252 838 424 901 humiliter
438 836 561 900 luerint
577 837 850 920 obtemperantes,
867 842 900 898 et
916 855 989 897 cum
1005 829 1106 898 Sociis
1128 830 1196 916 suis
1212 828 1347 893 honeste
1372 836 1407 892 et

250 923 397 987 modeste
420 945 455 986 se
480 922 650 1008 gesserint,
666 942 792 985 necnon
815 919 925 983 studio
952 916 1151 996 scholastico,
1174 915 1319 996 lecturis,
1336 915 1406 978 dis-

251 1009 491 1095 putationibus,
516 1031 552 1071 00
575 1006 720 1070 scientiis
743 1029 803 1069 seu
821 1005 1031 1069 facultatibus
1056 1003 1176 1087 quibus
1199 1002 1406 1080 incumbent,

251 1096 427 1160 secundum
438 1095 576 1159 formam
591 1094 625 1157 in
637 1091 689 1155 his
700 1093 833 1156 statutis
845 1091 1049 1176 descriptam,
1061 1089 1239 1174 diligenter
1248 1097 1408 1153 vacantes

250 1203 286 1246 ac
311 1183 411 1246 etiam
438 1181 655 1269 proficientes,
683 1200 807 1243 necnon
832 1179 867 1241 in
888 1177 1013 1240 divinis
1035 1175 1147 1240 officiis
1170 1186 1205 1238 et
1227 1175 1404 1259 obsequiis,

250 1269 441 1355 presertim,
456 1266 634 1332 secundum
650 1265 785 1329 t'ormam
801 1266 834 1326 in
850 1263 968 1327 nostris
990 1262 1125 1325 statutis
1142 1261 1309 1338 traditam,
1325 1261 1406 1324 dili-

250 1365 366 1441 gentes
382 1355 505 1419 iuerint
521 1363 555 1417 et
570 1351 703 1423 assidui,
720 1375 757 1415 ac
768 1355 995 1438 juramentum
1011 1369 1107 1412 suum
1124 1348 1185 1434 ipsi
1203 1346 1353 1432 Collegio
1369 1348 1405 1409 in

250 1463 360 1506 corum
378 1440 571 1504 admissione
595 1439 779 1525 praestitum
796 1439 880 1500 bene
904 1434 1176 1508 conservaverint,
1192 1456 1227 1496 ac
1250 1433 1345 1496 bonis
1369 1442 1406 1496 et

218 1547 239 1575 ²
249 1528 359 1611 probis
369 1526 512 1589 moribus
523 1535 555 1589 et
565 1524 778 1588 laudabiliter
792 1545 828 1587 se
836 1522 1022 1586 habuerint.
1047 1519 1144 1594 Quod
1158 1519 1252 1602 siqui
1268 1521 1301 1582 in
1319 1542 1403 1605 prae-

249 1613 355 1675 missis
365 1612 415 1676 vel
427 1633 538 1674 eorum
554 1611 661 1693 aliquo
677 1611 877 1673 contrarium
891 1609 1037 1685 fecerint,
1055 1615 1089 1670 et
1103 1627 1204 1692 super
1217 1605 1277 1668 hoc
1292 1628 1405 1669 coram

251 1697 453 1760 Praesidente
475 1697 528 1759 vel
549 1695 826 1781 Vicepraesidente
846 1705 880 1759 et
906 1696 1008 1759 altero
1031 1693 1238 1757 Decanorum
1261 1693 1405 1756 convicti

249 1784 381 1860 luerint,
398 1781 586 1846 notabiliter
601 1781 651 1844 vel
668 1780 875 1864 deliquerint,
892 1781 957 1844 nisi
972 1779 1014 1844 ad
1030 1779 1244 1844 monitionem
1259 1786 1292 1842 01
1309 1800 1403 1841 man·

249 1868 362 1935 datum
378 1867 558 1932 eorundem
573 1866 787 1931 effectualiter
800 1881 835 1931 se
849 1866 1056 1943 correxerint,
1068 1886 1174 1947 usque
1186 1863 1229 1927 ad
1245 1864 1404 1928 emenda-

247 1955 371 2020 tionem
409 1954 616 2019 raedictorum
634 1953 760 2039 Judicio
785 1951 991 2038 condignam,
1013 1957 1115 2014 cesset
1138 1952 1300 2014 incorum
1324 1973 1404 2037 per·

248 2042 335 2106 sonis
348 1977 509 2106 exlibitio
519 2040 775 2104 communierum
785 2039 1021 2125 praedictarum,
1036 2045 1070 2101 et
1082 2037 1124 2100 ab
1139 2036 1271 2115 eisdem,
1286 2037 1403 2124 vigore

247 2129 416 2213 praesentis
432 2129 548 2192 statuti
565 2136 598 2190 et
614 2125 828 2190 ordinationis
844 2125 1034 2188 communiae
1049 2124 1119 2188 sive
1134 2124 1306 2203 convictus,
1325 2147 1403 2188 auc-

248 2215 382 2278 toritate
406 2213 615 2276 praesidentis
631 2212 693 2292 vel,
708 2235 746 2275 eo
768 2213 912 2292 absente,
928 2210 1216 2297 Vicepraesidentis
1243 2219 1277 2273 01
1302 2212 1403 2276 unius

250 2301 383 2381 Decani,
406 2301 476 2363 sine
500 2299 621 2378 lavore,
637 2320 739 2381 usque
756 2297 799 2362 ad
824 2297 959 2383 dignam
983 2306 1021 2362 ut
1047 2299 1222 2384 praeiertur
1247 2296 1401 2362 emenda-

247 2386 381 2466 tionem,
392 2386 526 2449 realiter
537 2383 793 2461 subtrahantur3
814 2386 946 2449 statutis
960 2388 1076 2448 nestris
1090 2384 1162 2448 aliis
1173 2383 1256 2447 hanc
1266 2406 1399 2470 poenam

247 2472 300 2537 vel
314 2472 410 2537 aliam
423 2471 651 2556 indigentibus
667 2472 699 2534 in
711 2472 778 2535 suis
793 2471 920 2535 casibus
934 2470 1146 2535 nihilominus
1161 2472 1194 2534 in
1207 2492 1266 2534 suo
1281 2469 1401 2535 robore

246 2560 476 2646 pennansuris.
527 2557 760 2635 Decernentes,
776 2566 944 2644 praetcrea,
971 2565 1005 2620 et
1025 2557 1227 2621 declarantes
1252 2566 1300 2634 nt,
1325 2558 1401 2640 qui-

83 2653 164 2727 Thopo
177 2668 205 2701 so
246 2668 371 2727 cunque
393 2644 495 2707 nostri
510 2644 649 2730 Collegii
664 2666 724 2730 per
748 2645 913 2711 convictus
935 2643 1189 2707 subtractionem
1205 2643 1245 2707 ad
1269 2650 1401 2729 tempus

83 2713 213 2818 &iffi
245 2731 357 2877 puniti
371 2731 449 2807 sint,
462 2752 526 2793 non
552 2732 586 2793 in
609 2729 731 2815 oppido
750 2729 856 2794 sedin
873 2731 948 2795 aula
969 2731 1072 2793 nostri
1087 2728 1238 2815 Collegi,
1254 2730 1399 2793 Baccan-

83 2830 126 2875 tne
136 2830 192 2876 col-
208 2890 215 2903 υ
257 2815 521 2897 aureividelicet,
533 2817 566 2878 in
578 2818 701 2880 artibus
717 2825 748 2880 et
765 2839 829 2879 non
848 2816 1003 2903 graduati
1016 2816 1075 2879 soli
1090 2816 1140 2879 vel
1156 2838 1230 2879 cum
1247 2816 1319 2879 aliis
1334 2838 1399 2901 pu·

83 2888 234 2995 {ffiffin
247 2901 338 2980 nilis,
347 2901 458 2966 001011
467 2925 544 2966 1010
555 2902 714 2988 Magistri
724 2925 811 2966 more
823 2911 986 2980 consueto,
1000 2902 1127 2966 interea
1139 2901 1346 2966 discumbant
1363 2912 1398 2967 et

246 2987 428 3060 comedant,
453 2988 558 3072 deque
584 2988 679 3051 bonis
705 2988 847 3073 propriis
870 2989 1034 3067 continuo,
1060 2988 1110 3051 vel
1136 2987 1252 3052 saltem
1272 2990 1306 3051 in
1332 2990 1397 3053 fine

246 3074 391 3155 termini,
420 3074 714 3161 Dispensatoribns
732 3096 793 3161 pro
819 3075 933 3139 eodem
958 3076 1020 3137 sub
1037 3096 1134 3161 piena
1154 3075 1302 3161 perjurii,
1325 3076 1398 3161 ipso

245 3162 341 3240 iacto,
361 3168 462 3249 juxta
475 3170 579 3225 ratam
596 3160 795 3225 allocationis
812 3169 997 3225 consuetam
1014 3170 1092 3224 tunc
1106 3160 1140 3223 in
1156 3161 1306 3248 Collegio
1322 3185 1397 3226 cur-

243 3248 357 3329 100110,
374 3248 574 3312 satisfaciant
589 3255 623 3312 et
638 3248 789 3326 solvant3
812 3247 861 3314 ita
883 3256 1002 3326 tamen,
1021 3246 1107 3329 quod
1123 3247 1272 3332 privatus
1287 3250 1395 3313 minus

244 3357 341 3419 quam
366 3357 427 3423 per
450 3357 549 3398 unam
575 3335 794 3420 septimanam
819 3357 878 3420 pro
898 3334 1036 3419 singulis
1053 3332 1170 3397 diebus
1193 3335 1296 3397 solvat
1313 3334 1395 3399 duos

244 3420 405 3485 denarios.
454 3423 496 3483 111
515 3418 702 3503 hujusmodi
727 3421 953 3498 correctiones,
968 3441 1035 3483 una
1053 3442 1128 3483 cum
1150 3442 1246 3485 causa
1260 3427 1294 3484 et
1309 3421 1395 3485 illins

81 3518 196 3591 1100101]
206 3520 236 3567 of
245 3510 350 3593 puniti
374 3507 516 3585 nomine,
540 3507 575 3568 in
603 3506 811 3569 Decanorum
839 3506 980 3593 registro
1007 3527 1066 3590 per
1090 3499 1224 3569 maniam
1249 3506 1395 3592 ejusdem

80 3579 181 3684 {ffl'
244 3593 351 3678 puniti
372 3593 484 3655 statim
498 3591 681 3655 scribantur
695 3616 703 3668 3
725 3593 784 3674 qui
798 3590 925 3656 Decani
940 3592 1126 3677 exemplum
1142 3614 1255 3658 earum
1270 3615 1393 3658 correc-

161 3673 167 3685 ’
243 3678 368 3742 tionum
388 3676 442 3741 vel
462 3697 632 3763 poenarum
658 3678 813 3756 omnium,
829 3679 862 3741 in
887 3679 952 3741 fine
977 3684 1134 3764 cujusque
1157 3680 1301 3759 termini,
1318 3690 1396 3745 ante

241 3762 438 3827 solutionem
448 3764 642 3850 pensionum
653 3773 687 3826 et
696 3763 945 3848 stipendiorum,
957 3765 1249 3852 Dispensatoribns
1265 3765 1394 3831 tradere

242 3858 438 3927 teneantur3
461 3850 522 3913 sub
540 3870 637 3935 poena
651 3848 834 3913 amissionis
848 3852 1013 3935 pensionis
1028 3874 1095 3915 suae
1130 3873 1166 3916 ro
1176 3852 1232 3914 illo
1246 3853 1393 3934 termino,

242 3959 277 4001 ac
291 3936 523 4002 satisfactionis
537 3956 597 4022 pro
612 3933 739 4000 damnis
752 3944 785 4001 01
799 3936 966 4015 interesse,
979 3937 1090 4024 siquae
1106 3874 1289 4025 dollegium
1304 3938 1393 4003 illius

240 4025 386 4089 carentia
401 4024 558 4112 patiatur.

316 4172 398 4257 Gap.
415 4174 467 4235 52.
492 4174 545 4236 Dc
557 4181 739 4235 statutorum
755 4172 884 4247 10011000,
901 4184 928 4234 01
943 4176 1090 4237 scrutinio
1104 4126 1193 4237 seviret
1206 4177 1239 4237 ia
1250 4196 1329 4240 uano

728 4259 912 4322 celebrando.

286 4367 432 4430 Tametsi
447 4366 636 4451 ignorantia
649 4389 732 4430 caeca
747 4367 781 4428 in
792 4366 843 4429 his
857 4364 899 4429 ad
911 4388 982 4449 quae
995 4367 1198 4435 observanda
1213 4368 1393 4456 adstringi-

243 4457 297 4513 tur
312 4452 473 4536 quispiam
496 4451 618 4515 nemini
641 4452 796 4536 opitulari
815 4449 946 4527 debeat,
961 4452 1019 4515 sed
1039 4451 1204 4519 adversari
1227 4456 1338 4539 potius
1360 4466 1395 4522 et
