3000 4700
292 199 429 266 statne
443 203 482 284 of
492 199 609 286 Corpus
628 200 746 266 Gtmsti
764 200 889 286 Collcqe,
910 202 1039 287 Osford.
1218 200 1239 262 3

92 363 191 448 ipsius
213 363 435 430 Prsesidentis
454 371 488 429 st
510 363 704 430 scholarium
721 364 865 451 Collegii
888 364 1043 454 Corporis
1063 363 1190 432 Christi
1204 366 1240 431 in

90 450 303 514 universitate
318 451 496 516 Oxoniensi
513 451 720 516 incomitata
736 451 881 526 Oxoniae,
897 458 1112 540 prosequatur
1129 475 1166 516 ae
1181 452 1239 518 de·
1252 463 1397 514 memrot

92 535 208 602 tendat.
250 537 327 600 Hoc
339 535 465 609 addito,
480 537 568 621 quod
582 559 696 602 causas
712 549 768 600 aut
784 537 862 604 lites
877 559 1005 623 graves,
1018 538 1166 602 etardus
1182 561 1239 604 ne·
1252 526 1362 574 mm

91 622 178 707 gotia
185 623 222 686 in
233 623 357 707 quibus
366 623 556 710 contingere
564 623 688 709 poterit
698 624 804 707 ipsius
812 623 953 712 Collegii
965 647 1065 712 grave
1073 624 1238 700 damnum,

91 707 305 774 exhaeredatio
315 719 374 775 sut
390 731 490 794 grave
505 710 743 796 praejudicium,
759 711 883 796 absque
898 712 1031 798 majoris
1047 712 1151 795 partis
1165 734 1239 796 sep-

91 803 151 858 tem
167 795 253 860 dicti
267 795 412 882 collegii
426 796 591 861 seniorum
608 796 784 869 Sociorum,
798 798 858 881 qui
871 805 950 862 tuuc
962 799 997 862 in
1012 797 1238 862 Universitste

92 879 273 946 Oxoniensi
286 882 421 962 fuerint,
434 905 500 947 nou
508 883 752 948 connumeratis
765 884 866 948 etiarn
880 884 916 948 iu
926 883 987 948 boc
1002 905 1080 948 casu
1092 884 1239 948 absenti-

89 965 154 1047 bus,
163 968 304 1033 consilio
314 977 348 1032 et
357 989 500 1039 assensu
510 968 577 1034 nisi
584 977 747 1054 quatenus
757 969 843 1035 iufra
851 971 1015 1056 provisum
1024 977 1086 1042 est,
1096 970 1240 1056 incipero

90 1053 140 1117 vel
153 1055 298 1142 aggredi
312 1075 376 1120 nou
393 1054 540 1122 debebit.

373 1252 457 1340 Cap.
473 1252 505 1316 3.
530 1255 583 1318 De
595 1253 733 1320 electione
748 1255 965 1321 Prouidentia.

130 1386 182 1456 Et
198 1388 353 1474 quoniam
368 1389 482 1456 ablato
496 1398 622 1456 rectore
637 1399 743 1455 totum
758 1411 896 1454 examen
918 1389 1130 1477 obstupescit,
1145 1391 1240 1477 igna-

92 1497 160 1540 rum
184 1476 240 1540 cui
266 1485 390 1562 pareat,
420 1476 595 1542 statuimus
624 1485 664 1541 ut
693 1476 896 1542 Praesidente
925 1486 986 1541 aut
1014 1498 1075 1564 per
1099 1489 1239 1542 mortem

89 1572 235 1641 evocato,
259 1571 321 1626 aut
350 1562 450 1628 aliam
478 1562 521 1626 ob
550 1583 681 1629 causam
709 1584 936 1649 quamcunque
961 1562 1151 1630 discedente
1181 1575 1239 1630 aut
1252 1577 1395 1629 nmmos

89 1659 210 1721 amoto,
234 1649 325 1715 intra
348 1659 415 1714 tres
437 1648 509 1714 dies
532 1670 553 1712 a
567 1647 622 1712 die
643 1648 773 1712 notitiae
797 1650 976 1715 vacationis
999 1650 1238 1736 supputandos,
1250 1641 1395 1747 fflilggnff

91 1734 360 1822 Vioepraesidens,
377 1744 436 1800 aut
458 1757 498 1800 eo
514 1734 650 1798 absente
667 1735 782 1800 Sosius
804 1737 945 1800 maxime
969 1737 1079 1801 senior
1101 1747 1179 1802 tuno
1203 1738 1238 1803 iu

91 1819 321 1887 Universitate
347 1843 502 1922 presens,
532 1820 623 1896 nulls
650 1820 694 1886 sd
721 1821 912 1908 eligendum
940 1823 1076 1887 licentia
1103 1823 1241 1888 Patroni

88 1908 252 1972 ordinarii
261 1908 437 1973 alteriusve
451 1911 604 1992 cujuscun
631 1929 682 1987 ue,
695 1929 754 1972 nes
769 1907 925 1973 cessionis
933 1915 990 1972 aut
1002 1909 1067 1972 res’
1119 1910 1239 1974 ationis

87 1992 280 2082 hujusmodi
308 1994 356 2058 eis
381 1993 432 2059 vel
457 2015 567 2058 eorum
598 1929 696 2058 silicui
725 1993 938 2066 exhibitione,
967 2002 1026 2058 aut
1051 2016 1071 2058 a
1125 2016 1238 2060 eorum

87 2081 197 2166 aliquo
213 2080 362 2166 ejusdem
377 2081 623 2170 approbatione,
638 2089 811 2166 expectata
824 2089 882 2144 aut
899 2080 1066 2166 requisita,
1081 2093 1239 2148 convocet

86 2190 201 2232 omues
212 2167 323 2233 Socios
338 2177 416 2232 tunc
428 2167 462 2233 in
479 2165 705 2230 Universitate
720 2173 897 2252 praesentes
913 2166 948 2229 in
963 2165 1118 2230 sacellum
1133 2169 1237 2232 nostri

88 2253 252 2340 Collegii3
267 2255 379 2336 eisque
394 2263 473 2318 tunc
488 2261 522 2316 et
536 2251 660 2316 ibidem
674 2253 772 2318 officii
791 2252 1006 2317 Praesidentis
1021 2253 1237 2332 vacationem,

64 2339 70 2349 “
87 2341 295 2428 septimoque
307 2341 350 2405 ab
365 2363 404 2406 eo
419 2339 483 2421 die,
499 2337 579 2405 hora
592 2346 706 2405 octava
722 2349 796 2405 ante
809 2339 992 2415 meridiem,
1001 2338 1146 2405 futuram
1159 2343 1239 2407 novi

89 2426 246 2493 Praesidis
273 2427 464 2493 electionem
492 2426 656 2493 ostendat.
701 2426 752 2490 Et
774 2448 817 2491 ne
842 2427 995 2491 absentes
1017 2437 1176 2493 excusent
1201 2438 1237 2494 et

88 2514 237 2601 allegent
250 2514 483 2601 ignorantiam,
505 2512 577 2599 ipso
592 2510 707 2577 eodem
725 2511 780 2577 die
794 2515 873 2595 quo,
887 2514 940 2578 uti
949 2514 1019 2598 jam
1034 2512 1158 2579 dictum
1174 2524 1235 2587 est,

87 2622 146 2667 eos
158 2599 396 2680 convocaverit,
420 2599 533 2687 affigat
546 2598 649 2663 valvis
673 2599 786 2663 sacelli
806 2600 918 2665 literas
939 2600 1118 2681 citatorias,
1140 2624 1236 2665 vaca-

87 2688 214 2753 tionem
230 2688 326 2753 officii
341 2710 378 2753 ae
392 2686 479 2752 diem
495 2694 530 2751 et
545 2686 658 2750 horam
674 2685 823 2750 electioni
835 2687 912 2751 novi
927 2687 1144 2752 Praesidentis
1157 2712 1235 2773 prae-

87 2774 220 2839 linitum
235 2774 472 2861 significantes,
494 2794 594 2837 manu
617 2786 732 2836 suaet
754 2773 890 2837 duorum
913 2772 1053 2838 aliorum
1069 2774 1234 2840 Sociorum

87 2882 126 2925 ex
141 2868 269 2948 septem
286 2860 430 2925 maxime
451 2859 636 2923 senioribus
651 2860 758 2924 nostr-i
780 2858 925 2946 Collegii
938 2860 1149 2945 subscriptas,
1176 2881 1236 2945 per

87 2968 167 3030 quas
195 2969 309 3012 omnes
331 2954 458 3032 septem
484 2946 627 3009 maxime
654 2946 799 3011 seniores
827 2947 935 3011 nostri
961 2946 1104 3031 collegii
1130 2946 1234 3010 etiarn

89 3035 245 3099 absentes
260 3032 431 3098 admoneri
453 3032 584 3118 possint
605 3039 645 3095 ut
668 3032 823 3097 electioni
841 3032 1005 3096 intersint.
1050 3032 1123 3096 Nec
1145 3032 1235 3096 volu·

87 3143 161 3185 mus
174 3128 442 3206 presentes-ante
456 3118 646 3183 electionem
670 3118 847 3204 perfectam
862 3118 961 3197 exire,
983 3117 1051 3181 uisi
1073 3140 1114 3181 ex
1135 3140 1235 3181 causa

88 3217 229 3294 urgente
251 3228 309 3293 per
330 3208 484 3292 majorem
498 3213 625 3291 partem
649 3204 809 3270 dictorum
823 3210 951 3289 septem
973 3202 1136 3267 seniorum
1158 3224 1233 3289 pro-

72 3292 177 3359 ‘·bata.
226 3294 375 3379 Septimo
390 3314 467 3356 vero
482 3290 538 3356 die
552 3290 709 3377 praedicto
725 3299 801 3354 ante
813 3287 995 3362 meridiem,
1012 3296 1079 3361 aut,
1096 3290 1127 3353 si
1141 3291 1233 3376 prin·

87 3380 192 3467 ripale
205 3380 329 3443 festum
344 3400 384 3443 eo
399 3378 454 3443 die
474 3378 661 3463 contigerit,
683 3376 844 3463 postridie
866 3378 946 3440 hora
967 3374 1136 3462 predicta,
1152 3376 1234 3441 dicti

88 3465 372 3551 septemmaxime
395 3465 542 3529 seniores
560 3464 593 3527 in
618 3462 844 3537 Universitate
858 3470 1046 3549 praesentes,
1061 3484 1121 3549 per
1135 3463 1231 3528 Vice·

87 3552 328 3639 presidentem,
345 3558 416 3629 aut,
439 3573 479 3615 eo
502 3552 649 3623 absente,
671 3570 731 3635 per
755 3550 888 3616 Sosium
912 3550 1055 3615 maxime
1073 3550 1231 3615 seniorem

87 3650 170 3707 tunc
194 3640 230 3704 iu
258 3638 482 3703 Universitate
500 3642 703 3723 presentem,
726 3636 762 3699 in
784 3636 938 3701 sacellum
958 3637 1066 3701 nostri
1089 3638 1233 3725 Collegii

87 3738 312 3793 convocentur.
357 3725 461 3811 Cujus
475 3722 610 3809 quidem
621 3722 904 3808 Vicepraesidentis
919 3732 978 3787 aut
992 3724 1072 3788 dieti
1086 3725 1231 3799 senioris,

89 3825 128 3879 ut
152 3812 334 3897 prefertur,
357 3810 522 3875 vocationi
545 3829 656 3873 omnes
678 3816 713 3871 et
736 3810 883 3894 singulos
906 3830 964 3873 sex
981 3809 1062 3874 elios
1077 3811 1233 3887 seniores,

88 3910 167 3966 tune
182 3900 218 3963 iu
238 3898 458 3962 Universitate
467 3902 655 3982 presentes,
670 3916 786 3981 parere
799 3895 959 3968 volumus,
969 3896 1030 3960 sub
1043 3910 1145 3983 poena
1157 3916 1233 3981 per-

86 3996 198 4075 petua
213 3984 382 4051 amotionis
396 4006 417 4047 a
430 3992 542 4047 nostro
558 3981 718 4067 Collegio,
731 3982 767 4045 in
788 4004 887 4065 quam
909 3982 1108 4046 obsistentes
1122 3983 1233 4044 incur·

88 4096 162 4139 rere
189 4072 339 4135 volumus
361 4072 434 4154 ipso
457 4070 554 4133 facto.
601 4067 642 4133 In
665 4090 761 4149 quam
782 4070 882 4131 etiam
905 4090 1041 4153 poenam
1064 4088 1177 4131 omnes
1200 4074 1236 4131 et

87 4158 239 4245 singulos
254 4157 411 4223 Sociosin
432 4155 719 4224 nominationibus,
734 4154 958 4225 electionibus,
973 4152 1234 4224 admissiouibus.

85 4249 203 4312 aliisve
229 4243 368 4329 negotiis
391 4243 568 4309 utilitatem
600 4239 741 4325 Collegit
764 4240 1043 4311 concernentibus,
1070 4246 1128 4302 aut
1146 4240 1237 4324 jura·

88 4333 211 4399 mentis
225 4330 377 4417 publicis,
402 4339 468 4395 tam
493 4325 712 4395 Praesidentis,
728 4348 827 4407 quam
842 4325 1022 4402 Sociorum,
1037 4325 1236 4388 scholarium

85 4423 121 4487 iu
147 4419 284 4484 biennio
300 4416 512 4502 probationis,
528 4410 762 4579 discippgspum
784 4418 843 4474 aut
865 4409 1237 4555 officiariorum2elipen·

671 4543 677 4557 .
1054 4516 1074 4557 B
1090 4501 1097 4524 ⁵
