3000 4700
273 207 335 272 108
472 207 606 276 Statum
620 211 659 294 ff
671 207 789 294 Corpus
807 206 923 272 Christi
942 207 1066 292 Conspe,
1087 207 1214 290 Osford.

270 378 448 441 excesserit.
495 379 546 442 Ac
560 379 694 463 insuper
716 389 895 454 externum,
910 377 945 440 iu
956 375 1059 440 literis
1082 373 1205 438 Latinis
1223 385 1279 437 aut
1295 373 1423 438 Graecis

271 463 404 549 egregie
419 463 597 543 eruditum,
611 476 643 528 et
657 464 780 528 caeteris
800 463 887 527 illius
912 463 1012 526 aeutis
1036 461 1135 546 longe
1152 461 1421 546 praestantiorem,

271 548 369 613 modo
378 561 492 613 caetera
500 552 607 613 omnia
615 548 941 632 requisitaadsint,in
952 547 1149 634 discipulum
1159 547 1282 632 eligere
1292 545 1421 622 licebit;

272 634 450 698 dummodo
465 658 531 699 sure
547 639 648 700 etatis
665 635 851 699 vicesimum
867 635 1010 720 primum
1028 655 1149 698 annum
1171 654 1238 695 non
1261 631 1420 696 excedat:

271 722 401 785 statutis
415 724 530 785 nostris
545 743 582 786 ac
598 721 786 787 'uramentis
801 721 993 804 eligentium
1012 720 1063 784 vel
1086 717 1315 804 eligendorum
1335 740 1421 802 prae-

272 807 356 870 stitis
369 807 420 871 vel
436 745 628 893 praestandis
638 831 703 872 non
713 808 912 871 obstantibus
928 805 1202 890 quisbuseunque‚
1213 827 1286 868 eum
1298 804 1422 887 quibus

271 914 329 975 per
340 907 527 979 presentes,
539 894 649 976 quoad
663 904 801 971 aetatem,
816 892 849 956 in
865 892 916 956 his
929 892 1060 956 casibus
1076 891 1236 956 duntaxat
1250 889 1421 974 dispensa·
1457 968 1459 972 Ι

271 999 353 1045 mus.
398 979 443 1043 Et
460 982 616 1062 quoniam
641 1003 726 1065 saepe
742 980 775 1041 in
790 979 906 1043 nostris
927 977 1186 1042 ordinationibus
1208 977 1422 1040 correctiones

107 1077 220 1148 luerem
232 1077 262 1124 of
271 1074 305 1128 et
318 1066 506 1151 punitiones
517 1069 611 1153 juxta
625 1066 710 1130 vices
730 1063 898 1150 augendas
912 1065 1113 1128 decrevimus
1132 1077 1162 1127 et
1178 1064 1362 1134 statuimus,
1377 1084 1422 1126 ne

107 1135 238 1239 {ffl'for
270 1173 310 1215 ea
326 1175 379 1215 res
394 1152 568 1235 aliquando
583 1151 716 1239 posthac
731 1155 765 1214 in
786 1152 1034 1216 controversiam
1049 1151 1157 1215 veniat
1174 1163 1230 1215 aut
1257 1149 1422 1233 ambigui-

107 1253 241 1311 repetition
270 1249 352 1302 tates
388 1239 480 1310 ariat,
490 1238 694 1302 declaramus
707 1260 766 1302 nos
779 1238 824 1299 ita
833 1237 966 1315 sentire,
977 1251 1013 1300 ut
1023 1238 1050 1300 si
1061 1237 1132 1319 quis
1147 1235 1249 1300 semel
1261 1235 1314 1299 vel
1329 1256 1420 1319 saepe

107 1311 257 1358 ΝΜ·
271 1325 303 1386 in
315 1261 429 1387 eodem
446 1324 498 1388 vel
511 1324 672 1388 consimili
686 1338 759 1387 ante
775 1325 913 1409 primam
928 1325 1127 1409 punitionem
1144 1338 1172 1386 et
1190 1325 1420 1386 correctionem

270 1408 454 1491 deliquerit,
471 1413 541 1496 ejus
557 1411 707 1475 correctio
722 1420 756 1473 et
770 1410 896 1495 punitio
911 1431 970 1494 pro
985 1410 1051 1472 illis
1067 1409 1217 1472 omnibus
1230 1420 1284 1470 aut
1301 1410 1420 1492 singu-

269 1495 320 1573 lis,
330 1495 590 1579 quandocunque
606 1495 906 1581 deprehendantur,
918 1497 984 1559 sive
1000 1495 1135 1559 diversis
1148 1494 1348 1580 temporibus
1362 1495 1418 1556 liat

269 1580 323 1645 vel
342 1581 443 1646 semel
457 1603 517 1667 pro
532 1582 628 1644 unica
648 1583 717 1645 vice
736 1597 914 1668 reputetur,
933 1593 965 1644 et
979 1582 1087 1646 omnia
1106 1594 1180 1667 post
1202 1581 1339 1666 primam
1356 1603 1419 1666 pro

269 1667 431 1730 consimili
442 1669 670 1731 correctionem
682 1668 855 1731 commissa
863 1667 1158 1745 veldelicta,uuum
1166 1667 1230 1730 sint
1240 1679 1295 1729 aut
1306 1665 1418 1751 plura,

269 1753 302 1815 in
318 1752 462 1816 secunda
481 1755 550 1817 vice
573 1766 774 1839 reputentur,
791 1775 961 1838 quousque
975 1776 1034 1840 pro
1058 1755 1166 1837 aliquo
1191 1753 1322 1817 illorum
1342 1767 1414 1838 post

268 1838 407 1923 primam
422 1841 623 1926 punitionem
641 1841 884 1905 commissorum
908 1842 1073 1924 puniatur,
1093 1863 1129 1904 ac
1144 1839 1350 1903 consimiliter
1375 1837 1418 1902 de

269 1926 440 1989 tertiaviee
450 1940 478 1988 et
490 1925 624 2010 reliquis
632 1919 814 2003 cerisemus,
821 1926 990 1989 statuimus
1000 1939 1029 1990 et
1041 1925 1236 1990 ordinamus,
1250 1923 1417 2003 Volentes‚

269 2022 388 2090 tamen,
402 2035 443 2075 ne
453 2012 585 2096 aliquod
601 2014 719 2076 crimen
736 2026 792 2075 aut
807 2010 958 2075 delictum
973 2009 1174 2096 impunitum
1190 2022 1368 2087 remaneat,
1385 2023 1422 2074 et

270 2109 452 2162 statuentes
470 2107 521 2178 ut,
538 2100 720 2182 quicunque
743 2097 786 2160 de
805 2097 957 2184 pluribus
981 2097 1022 2160 ad
1041 2097 1181 2161 eandem
1200 2101 1300 2160 vicem
1321 2098 1419 2181 juxta

269 2183 353 2248 hanc
367 2197 507 2249 nostram
530 2184 780 2248 declarationem
799 2184 1047 2266 pertinentibus,
1065 2185 1133 2248 sive
1154 2182 1251 2247 simul
1266 2182 1334 2246 sive
1350 2181 1415 2245 dis·

265 2271 389 2356 junctis
399 2270 608 2357 temporibus,
620 2270 716 2333 etiam
725 2283 799 2355 post
808 2292 900 2333 suam
915 2271 1056 2357 proeliis
1068 2270 1109 2333 ad
1122 2269 1217 2332 aliam
1226 2290 1416 2353 quamcum-

270 2378 334 2437 que
357 2358 459 2420 vieem
482 2357 696 2431 attinentibus
721 2357 978 2442 castigationem,
996 2356 1093 2420 fuerit
1108 2356 1280 2426 convictus,
1302 2357 1330 2419 is
1355 2377 1416 2441 pro

270 2442 414 2524 quolibet
428 2464 541 2506 eorum
556 2441 721 2529 puniatur,
735 2445 830 2528 juxta
845 2444 945 2507 vicem
966 2442 1119 2526 adquam
1137 2442 1315 2506 secundum
1332 2441 1416 2507 hanc

270 2539 414 2591 nostram
428 2527 662 2591 ordinationem
678 2543 706 2591 et
726 2528 976 2594 declarationem
997 2529 1167 2615 pertineat.
1217 2528 1288 2591 Has
1308 2546 1416 2592 autem

106 2623 251 2669 Adherenoe
270 2614 563 2699 interpretationes,
576 2613 821 2692 declarationes,
834 2614 1105 2699 dispensationes,
1120 2637 1155 2677 ac
1168 2622 1295 2678 statuta
1306 2617 1417 2679 omnia

106 2686 192 2788 ἒξ
270 2711 303 2762 et
317 2700 454 2785 singula
466 2722 525 2786 per
537 2720 596 2763 nos
612 2699 695 2763 edita
711 2709 745 2763 et
759 2700 896 2785 signata,
912 2712 1073 2788 optamus,
1085 2702 1240 2788 jubemus
1253 2710 1287 2764 et
1299 2702 1415 2786 praeci-

270 2785 387 2870 pimus,
406 2785 441 2847 in
465 2807 563 2849 omne
586 2807 691 2849 aevum
711 2786 830 2849 durare
847 2786 1035 2852 immutata:
1066 2798 1198 2851 servata
1216 2786 1312 2850 nobis
1335 2786 1414 2850 dum

270 2872 444 2935 vixerimus
476 2870 545 2935 haee
581 2874 691 2935 omnia
722 2872 971 2957 interpretandi,
1003 2872 1201 2950 declarandi,
1232 2872 1413 2953 minuendi,

270 2957 432 3026 mutandi.
449 2956 632 3043 derogandi
647 2967 680 3021 et
696 2957 875 3035 statuendi,
892 2972 1068 3044 potestate3
1085 2960 1135 3023 bis
1152 2959 1414 3023 ordinationibus

272 3045 392 3107 nostris
408 3054 442 3108 et
454 3046 586 3109 statutis
599 3044 690 3107 factis
702 3054 760 3108 aut
771 3044 937 3121 faciendis,
950 3057 1007 3109 aut
1022 3045 1105 3122 aliis,
1118 3047 1217 3110 etiarn
1228 3047 1413 3130 juramento

271 3129 486 3209 firmatis‚non
497 3130 963 3213 obstantibusquibuscunque.
987 3131 1120 3197 Caeteris
1132 3132 1410 3210 autemomnibus,

109 3224 223 3294 bohibi·
271 3216 1413 3302 cujuscunquedignitatis,auctoritatis,statua,g1·adusautconditionis,

107 3285 259 3391 {fflfflfw
271 3301 665 3374 existaut‚acPraesidenti
677 3311 710 3367 et
718 3302 818 3367 Sociis
826 3315 894 3365 nost
900 3302 928 3364 ri
935 3302 1080 3389 Collegii,
1086 3305 1216 3367 omnino
1227 3302 1412 3368 inhibentes

271 3410 313 3453 ne
329 3390 439 3472 aliqua
453 3412 537 3452 nova
552 3399 675 3452 statuta
695 3411 755 3475 pro
770 3396 881 3453 nostro
897 3388 1049 3476 Collegio
1067 3388 1126 3453 a'ut
1147 3390 1310 3473 aliquibus
1326 3396 1413 3475 ejus·

271 3473 346 3537 dem
362 3475 511 3562 personis
528 3473 688 3552 ordinent,
705 3474 847 3537 condant
871 3484 927 3537 aut
943 3474 1126 3549 decernant,
1143 3490 1197 3540 aut
1213 3498 1287 3540 cum
1304 3476 1413 3558 aliquo

269 3569 394 3623 statuto
411 3570 520 3623 nostro
532 3559 733 3658 dispensent.
781 3559 881 3633 Quod
897 3562 1010 3644 siquae
1027 3584 1112 3625 nova
1125 3584 1183 3649 per
1196 3584 1412 3627 successorem

261 3661 414 3708 ‘nostrum
444 3646 713 3720 Wintomeusem,
743 3645 844 3709 alium
876 3646 924 3709 vel
956 3647 1034 3712 alios
1063 3670 1280 3732 quoscunque,
1310 3648 1413 3711 edan-

270 3740 324 3793 tur
338 3731 392 3793 vel
407 3739 605 3802 statuantur,
620 3731 666 3794 eis
680 3731 830 3794 nolumus
846 3731 986 3814 aliquem
1001 3736 1102 3798 nostri
1117 3734 1257 3819 Collegii
1274 3734 1411 3798 detineri

270 3816 409 3903 astringi
432 3828 487 3879 aut
508 3816 659 3902 obligari,
676 3817 733 3881 sed
757 3817 799 3880 ab
819 3839 930 3881 eorum
952 3821 1159 3885 observantia
1176 3820 1411 3885 Praesidentem

270 3911 304 3966 et
319 3916 449 3967 caeteros
464 3924 577 3966 omnes
591 3903 696 3965 nostri
711 3903 852 3989 Collegii
866 3907 1063 3971 auctoritate
1073 3917 1183 3971 nostra
1192 3907 1366 3971 eximimus
1378 3918 1412 3972 et

269 3989 453 4061 liberamus,
465 3996 499 4052 et
512 3989 559 4051 eis
573 3989 726 4053 omnibus
740 3998 774 4053 et
784 3990 935 4076 singulis,
947 4014 989 4055 ne
1000 3993 1098 4056 alicui
1112 3993 1272 4078 ejusmodi
1284 4001 1410 4058 statuto

269 4076 325 4140 vel
346 4075 548 4142 ordinationi
567 4085 705 4161 pareant
727 4084 786 4139 aut
808 4098 879 4139 eam
903 4078 1119 4163 quovismodo
1144 4080 1332 4153 admittant,
1347 4081 1409 4144 sub

268 4184 363 4260 poena
371 4162 510 4249 perjurii
518 4170 550 4225 et
559 4162 733 4225 amotionis
744 4170 1059 4249 perpetuaeanostro
1069 4165 1227 4251 Collegio,
1235 4165 1408 4251 ipsofaeto,

105 4278 190 4323 pom,
199 4278 228 4324 of
267 4246 462 4311 inhibemus.
511 4247 549 4310 Si
562 4257 671 4311 tamen
686 4269 785 4334 super
799 4248 910 4333 aliquo
923 4250 1059 4314 articulo
1071 4259 1269 4315 statutorum
1284 4261 1410 4316 nostro·
1493 4314 1500 4328 ,

10 4365 11 4370 1
104 4336 222 4405 interpre-
268 4354 340 4395 rum
354 4332 687 4397 interPraesidentem
697 4343 732 4396 et
746 4333 865 4402 Socios,
881 4344 939 4397 aut
953 4335 1040 4399 inter
1054 4336 1143 4421 ipsos
1161 4338 1274 4400 Socios
1288 4336 1410 4403 aliosve

105 4393 223 4496 ffissfssf
268 4439 480 4501 quoscunque
503 4418 611 4480 nostri
629 4417 783 4501 Collegfi,
802 4417 939 4482 dubium
960 4420 1096 4505 aliquod
1119 4431 1177 4485 aut
1199 4422 1409 4507 ambiguitas,

105 4508 215 4566 aasaby
269 4502 490 4564 controversia
504 4524 563 4565 seu
578 4502 770 4586 opinionum
786 4504 928 4567 varietas
944 4515 978 4568 et
988 4505 1161 4584 discordia,
1172 4508 1308 4587 oriatur,
1318 4516 1410 4595 cujus
