3000 4700
305 259 438 328 &otides
451 264 491 346 of
504 259 621 344 Corpus
640 259 759 324 Christi
776 259 901 344 Collcyc,
921 260 1049 346 Oasord.
1208 264 1252 350 35

94 419 246 508 collegii
264 423 575 509 augmentationem,
599 422 773 509 bonorum,
785 423 1041 510 possessionum,
1057 422 1250 490 reddituum

95 515 133 571 et
160 509 288 594 jurium
310 509 469 596 ejusdcm,
495 509 781 587 conservationem,
811 507 1043 589 defensionem,
1072 512 1249 597 promotio·

96 614 241 677 nemque
261 609 297 658 ac
312 595 554 681 expeditionem
563 593 772 682 negotiorum
784 615 1071 678 quorumcumque,
1082 595 1126 660 ad
1136 618 1249 679 quem·

95 702 227 762 cunque
250 689 374 746 statum
393 681 528 765 posthac
551 679 720 759 devenero,
736 681 771 744 in
798 681 886 744 sanis
902 681 1056 761 consiliis,
1072 683 1248 761 beneficiis,

95 764 274 844 favoribus,
296 767 438 846 auxiliis,
452 775 613 850 quantum
636 766 671 830 in
686 786 739 829 me
754 764 855 830 fuerit
868 774 904 832 et
918 765 963 830 ad
977 790 1030 832 me
1044 767 1250 854 pertinuerit,

3 877 4 884 ¹
96 849 280 938 diligenter
290 851 416 940 juvabo
433 861 467 916 et
488 874 549 940 pro
572 849 697 916 eisdem
718 851 884 933 laborabo,
905 851 1063 935 quamdiu
1078 854 1191 918 vixero
1215 854 1249 917 in

95 935 158 1002 hoc
173 937 306 1004 mundo.
352 938 448 1018 Item,
464 959 530 1020 non
541 938 722 1025 procurabo
746 935 999 1004 diminutionem
1018 961 1078 1004 seu
1100 939 1250 1004 annulla-

97 1023 223 1088 tionem
246 1025 386 1110 alicujus
409 1025 537 1090 numeri
560 1025 593 1088 in
615 1024 837 1123 prasentibus
861 1025 994 1090 statutis
1009 1025 1181 1124 assignati,
1196 1026 1250 1089 vel

95 1132 171 1174 eam
185 1111 261 1174 fieri
275 1109 385 1193 quoad
399 1119 514 1197 potero
528 1118 727 1197 permittam,
742 1132 803 1175 nec
820 1109 928 1176 eidem
942 1119 1145 1175 consentiam
1167 1132 1249 1193 quo-

95 1195 258 1261 vismodo.
305 1195 399 1276 Item,
413 1197 502 1281 quod
516 1197 626 1262 omnia
640 1204 767 1260 statuta
781 1195 910 1263 dictum
921 1195 1106 1282 Collegium
1122 1217 1249 1261 concer-

96 1282 213 1346 nentia
234 1305 294 1368 per
319 1280 534 1347 reverendum
557 1283 590 1346 in
613 1279 751 1366 ,Christo
775 1291 906 1367 patrem
936 1281 1107 1348 dominum
1136 1281 1249 1347 Ricar-

95 1369 176 1432 dum
195 1369 275 1448 Fox,
292 1366 526 1448 Fundatorem,
538 1366 629 1432 edita
644 1376 678 1432 et
689 1365 831 1448 edenda,
846 1376 880 1435 et
895 1390 961 1436 non
980 1368 1057 1450 alia,
1070 1367 1248 1434 secundum

96 1454 232 1538 planum
260 1455 422 1518 literalem
449 1463 483 1519 et
512 1453 790 1540 grammaticalem
819 1477 951 1520 sensum
980 1463 1015 1519 et
1043 1453 1248 1519 intellectum

2 1542 3 1546 ’
95 1539 251 1626 ipsorum,
266 1547 429 1640 quantum
445 1539 486 1604 ad
501 1561 555 1604 me
574 1541 727 1627 pertinet,
752 1540 986 1606 inviolabiliter
1003 1540 1195 1619 observabo,
1211 1562 1249 1606 ac

1 1619 4 1636 ’
94 1633 257 1708 quantum
281 1643 316 1690 rn
340 1647 393 1691 me
421 1626 522 1691 tuerit
550 1625 667 1690 faciam
696 1628 737 1690 ab
763 1626 838 1690 aliis
864 1627 1038 1694 observari.
1083 1625 1247 1712 Quodque

10 1719 12 1724 '
96 1711 189 1776 nulla
213 1718 340 1778 statuta
365 1734 425 1776 seu
438 1711 681 1794 ordinationes,
696 1711 997 1797 interpretationes,
1012 1712 1246 1800 injunctiones,

96 1797 353 1877 immutationes,
365 1797 603 1862 declarationes
615 1805 672 1862 aut
685 1797 921 1897 expositiones,
932 1798 1013 1864 alias
1026 1798 1246 1884 praesentibus

96 1884 243 1962 statutis,
259 1883 313 1948 vel
332 1884 601 1966 qualitercunque
623 1905 700 1949 vero
725 1883 910 1948 intellectui
929 1883 1110 1949 eorundem
1124 1906 1247 1971 repug-

96 1969 223 2050 nantia,
246 1968 438 2056 derogantia
460 1970 509 2034 vel
532 1969 704 2048 contraria,
732 1991 793 2055 per
817 1991 1041 2054 quemcunque
1067 1977 1126 2034 aut
1147 1991 1246 2052 quos-

95 2077 225 2138 cunque
254 2055 355 2119 alium
385 2056 437 2120 vel
467 2055 548 2130 alios
578 2076 678 2142 quam
733 2077 769 2118 er
797 2054 1017 2119 reverendum
1045 2054 1079 2117 in
1111 2053 1246 2121 Christo

96 2150 226 2228 patrem
235 2139 405 2206 dominum
415 2139 591 2206 Ricardum
601 2139 681 2218 Fox,
691 2075 1099 2219 Fpundatoremdacienda,
1107 2140 1247 2206 scienter

94 2226 343 2310 quomodolibet
360 2227 534 2314 acceptabo
548 2227 601 2290 vel
621 2226 669 2290 eis
691 2226 904 2305 consentiam,
926 2233 985 2290 aut
998 2248 1038 2290 ea
1058 2225 1246 2312 aliqualiter

96 2311 284 2394 admittam,
299 2333 359 2379 nec
375 2313 420 2377 eis
468 2313 567 2379 arebo
584 2311 653 2378 ullo
672 2320 818 2401 tempore
840 2312 894 2391 vel
917 2311 1093 2393 intendam,
1108 2333 1165 2377 nec
1179 2313 1245 2379 illis

95 2399 149 2464 vel
163 2422 277 2465 eorum
294 2400 407 2486 aliquo
424 2335 492 2463 ullo
515 2398 613 2465 modo
637 2406 721 2476 utar,
740 2402 774 2465 in
791 2397 940 2487 Collegio
955 2398 1008 2465 vel
1022 2408 1128 2479 extra,
1143 2400 1244 2467 tacite

96 2486 151 2550 vel
165 2508 329 2572 expresse.
375 2486 469 2565 Item,
490 2484 581 2572 quod
598 2507 664 2549 non
687 2506 744 2549 ero
767 2485 941 2565 detractor,
962 2508 1106 2566 susurro,
1121 2486 1244 2552 faciens

94 2572 151 2638 obl
194 2572 262 2652 uia,
277 2578 337 2637 aut
350 2590 530 2658 provocans
543 2571 636 2651 iram,
649 2570 772 2651 odium,
786 2570 976 2652 discordias,
989 2571 1156 2652 invidiam,
1165 2594 1242 2639 con·

95 2594 259 2737 tumodlias,
271 2658 361 2721 rixas
373 2657 426 2722 vel
437 2656 560 2744 jurgia,
574 2665 632 2739 aut
643 2657 803 2743 speciales
813 2666 872 2723 aut
887 2658 1109 2745 precellentes
1146 2679 1244 2723 raero·

94 2744 227 2830 gativas
240 2743 433 2823 nobilitatis,
447 2742 588 2829 generis,
601 2742 820 2822 scientiarum,
833 2744 1028 2810 facultatum
1042 2752 1100 2809 aut
1114 2679 1244 2809 divitia·

1 2849 2 2857 ¹
95 2852 167 2893 rum
178 2830 336 2916 allegans,
350 2850 412 2895 nec
427 2830 514 2893 inter
530 2828 641 2893 Socios
657 2836 714 2913 aut
726 2829 888 2897 scholares
896 2839 952 2897 aut
962 2831 1044 2895 alios
1058 2830 1091 2893 in
1103 2830 1243 2895 Univer-

94 2915 191 2981 sitate
206 2915 366 2981 australes
381 2936 439 2979 seu
455 2915 610 2994 boreales,
627 2936 686 2978 seu
699 2916 815 3002 patriae
832 2914 873 2981 ad
913 2916 1039 2995 atriam,
1055 2915 1185 3001 generis
1199 2914 1242 2979 ad

94 3023 208 3087 genus,
231 3001 413 3067 nobilitatis
436 3000 479 3066 ad
499 3000 709 3066 nobilitatem
731 3001 785 3066 vel
808 2937 1061 3087 ignobilitatem,
1077 3023 1137 3064 seu
1162 3000 1242 3064 alias

94 3109 305 3172 quascunque
320 3088 578 3173 comparationes
590 3108 662 3173 quae
677 3085 799 3151 odiosae
814 3094 902 3167 sunt,
912 3086 949 3151 in
964 3086 1065 3151 verbo
1075 3085 1129 3149 vel
1144 3085 1243 3167 tacto,

93 3174 257 3240 malitiose
283 3181 342 3237 aut
364 3194 460 3237 causa
483 3169 706 3237 commovendi
731 3172 841 3239 Socios
859 3172 911 3242 vel
936 3171 1108 3249 scholares,
1123 3170 1243 3235 faciam

94 3258 321 3346 quovismodo,
334 3259 495 3324 tacitevel
506 3280 667 3345 expresse.
693 3256 791 3340 Item,
801 3255 892 3343 quod
902 3256 994 3322 nulla
1004 3256 1242 3336 conventicula,

93 3346 362 3431 conspirationes,
390 3344 681 3409 confoederationes
710 3364 770 3411 seu
786 3343 963 3429 pactiones
988 3342 1127 3429 aliquas,
1156 3341 1244 3407 intra

93 3454 234 3518 reguum
259 3431 393 3516 Angliae
419 3430 473 3495 vel
496 3439 596 3509 extra,
623 3436 736 3494 contra
760 3436 887 3495 statuta
909 3428 1031 3499 dictum
1055 3427 1242 3515 Collegium

92 3517 320 3583 concernentia
341 3516 396 3581 vel
417 3522 531 3582 contra
544 3516 648 3598 ipsius
664 3514 807 3602 Collegii
821 3523 956 3594 statum,
971 3513 1176 3579 commodum
1190 3515 1244 3580 vel

92 3604 261 3682 honorem,
271 3609 332 3666 aut
340 3612 454 3668 contra
463 3600 1035 3687 Praesidentem‚Viceprassidentem
1045 3601 1177 3666 Surium
1188 3601 1244 3666 vel

92 3689 284 3766 scholarem,
297 3689 394 3775 hujus
406 3687 558 3774 Collegii,
570 3687 684 3752 illicite
693 3686 821 3769 faciam,
830 3688 974 3774 necipsa
980 3688 1053 3752 fieri
1064 3688 1244 3772 procurabo

91 3798 151 3842 seu
164 3776 354 3862 permittam
371 3775 414 3841 ab
430 3774 508 3853 aliis
519 3774 588 3838 fieri
605 3774 817 3860 quantumin
840 3794 893 3851 me
916 3774 1027 3854 fuerit,
1050 3794 1110 3837 seu
1124 3773 1243 3839 facien·

92 3862 184 3928 tibus
208 3862 281 3948 ipsa
304 3854 355 3925 vel
370 3859 548 3926 eorundem
565 3858 698 3946 aliquod
714 3859 800 3938 dabo
818 3859 1000 3939 consilium,
1016 3859 1175 3923 auxilium
1188 3859 1245 3922 vel

91 3949 249 4027 favorem,
266 3954 324 4012 aut
346 3946 469 4011 eisdem
497 3948 637 4009 scienter
662 3946 822 4027 interesse
847 3966 1051 4032 praesumam,
1074 3966 1134 4008 nec
1162 3943 1245 4029 ipsis

17 4032 21 4037 ’
92 4034 295 4100 consentiam
321 4032 421 4098 tacite
450 4031 505 4096 vel
534 4052 697 4119 expresse.
742 4032 793 4098 Et
816 4030 849 4095 si
867 4031 1013 4116 aliquem
1037 4029 1101 4093 vel.
1115 4028 1244 4114 aliquos

1 4180 3 4189 ,
91 4122 220 4187 scivero
243 4118 356 4184 taliter
373 4141 451 4183 cons
477 4119 600 4182 irantes
623 4124 682 4181 aut
705 4116 1000 4182 confoederationes
1016 4122 1243 4200 procurantes,

91 4228 133 4273 ea
157 4204 354 4271 Praesidenti
377 4205 431 4269 vel
451 4141 731 4289 l'icepraesidenti
751 4211 811 4267 aut
833 4202 909 4266 aliis
931 4200 1061 4268 duobus
1082 4199 1243 4263 officiariis

91 4292 175 4359 dicti
190 4291 343 4379 Collegii,
360 4313 459 4379 quam
476 4289 617 4373 primum
628 4288 796 4357 commode
809 4296 935 4375 potero,
948 4285 1061 4352 verbis
1073 4294 1131 4349 aut
1143 4285 1243 4372 scrip-

89 4380 136 4446 tis
151 4399 307 4467 expresse
323 4376 536 4443 denuntiabo.

134 4464 300 4551 Quodque
324 4461 612 4549 tranquillitatem,
638 4456 995 4543 paeemroommodum
1014 4464 1050 4523 et
1073 4456 1243 4535 honorem,

628 4543 711 4631 (10.)
1056 4541 1114 4607 οἳ
