3000 4700
236 216 279 282 ss
441 185 758 298 sucessum
776 209 895 276 curua
913 207 1040 294 sorae,
1060 207 1189 294 ossan

238 385 310 470 ipso
325 384 359 446 in
375 383 508 447 remotis
520 389 650 467 agente,
663 403 744 444 suus
758 379 910 442 Vicarins
925 379 960 441 in
974 376 1204 462 spiritualibus
1218 372 1393 461 generalis,

239 479 307 549 aut,
318 467 395 533 sede
408 467 633 532 Wintoniensi
642 474 790 545 vacante,
802 473 911 528 custos
920 463 1164 548 spiritualitatis
1177 461 1336 546 ejusdem,
1350 460 1394 524 de

238 556 354 634 causiS,
367 555 569 632 criminibus,
579 552 766 617 excessibus
776 557 811 614 et
824 550 1018 628 defectibus,
1034 558 1149 613 contra
1163 548 1287 612 dictum
1307 548 1394 610 Prae·

239 642 401 706 sidentem
423 640 610 727 propositis,
632 639 807 702 summarie
834 644 869 700 et
891 634 932 700 de
956 635 1058 722 plano
1088 643 1122 698 et
1150 633 1395 716 extrajudiciali

239 738 433 814 cognoscam
463 736 498 790 et
524 726 562 804 si,
591 746 650 810 per
675 724 872 787 sufficientes
901 721 1146 786 informationes
1175 721 1393 798 ministratas,

239 813 428 902 hujusmodi
443 820 611 900 suggesta,
626 833 702 896 quse
717 809 860 875 addicti
874 806 1088 871 Praesidentis
1112 808 1309 871 amotionem
1325 806 1394 869 suf-

239 901 337 966 ficere
357 900 509 971 debeant,
525 899 668 979 reperiat
683 917 755 960 esse
771 917 859 969 vera,
875 895 998 972 statim,
1014 901 1071 957 aut
1096 894 1209 958 saltem
1224 894 1312 956 intra
1336 893 1396 955 tri-

241 990 343 1052 duum
358 987 504 1072 proxime
518 992 716 1061 secuturum,
737 983 846 1067 ipsum
871 981 914 1044 ab
929 981 1032 1044 officio
1046 1003 1106 1044 suo
1128 988 1162 1043 et
1177 980 1219 1044 ab
1237 978 1394 1042 adminis-

242 1075 382 1138 tratione
397 1095 458 1136 sua
472 1083 630 1149 amoveat,
645 1070 716 1133 sine
734 1067 886 1132 ulteriori
901 1066 1070 1146 dilatione,
1088 1067 1233 1152 dictique
1249 1065 1397 1150 Collegii

243 1161 343 1223 Sociis
357 1159 529 1224 denuntiet
543 1165 577 1220 et
592 1157 746 1241 injungat
762 1161 801 1218 ut
816 1154 859 1218 ad
874 1154 1065 1218 electionem
1090 1153 1169 1216 novi
1189 1150 1395 1215 Praesidentis

240 1247 345 1310 libere
366 1244 542 1330 procedere
558 1243 692 1306 valeant
714 1249 748 1304 et
772 1240 925 1317 debeant,
938 1245 1032 1325 juxta
1046 1239 1182 1303 formam
1198 1239 1246 1301 in.
1258 1238 1396 1302 statutis

241 1332 390 1418 superins
402 1351 598 1416 expressam,
608 1327 809 1393 cessantibus
822 1325 1062 1412 appellationis,
1075 1324 1299 1402 recusationis,
1312 1346 1394 1409 que-

242 1419 327 1494 relae,
353 1424 411 1480 aut
433 1421 649 1501 cujuscunque
673 1414 817 1477 alterius¹
828 1413 913 1498 juris
943 1420 976 1476 et
1000 1413 1078 1477 facti
1093 1410 1257 1490 remediis,
1273 1411 1396 1496 quibus

206 1562 218 1587 ,
241 1501 432 1585 hujusmodi
448 1500 569 1566 amotio
580 1501 690 1564 valeat
704 1499 749 1562 im
771 1519 773 1524 ·
792 1498 857 1562 diri
871 1506 929 1562 aut
942 1497 1075 1577 differri,
1087 1508 1160 1581 quae
1171 1497 1282 1562 omnia
1300 1497 1398 1560 irrita

242 1589 486 1666 essevolumus,
502 1587 678 1651 stat-nimus
694 1594 728 1650 et
742 1521 959 1663 dicernimus,
977 1585 1050 1671 ipso
1064 1585 1158 1650 facte.

282 1735 366 1820 Cap.
379 1737 434 1800 49.
458 1736 610 1802 Demade
622 1736 804 1819 procedendi
817 1745 921 1800 contra
937 1733 1040 1801 Socios
1052 1746 1107 1800 act
1121 1735 1311 1800 scholasticos
1326 1735 1360 1798 in

636 1823 802 1906 nujoribns
816 1823 1006 1886 criminibus.

288 1931 368 1994 Non
387 1933 583 1996 assentimus
600 1932 726 2011 Stoicis,
739 1931 851 1995 omnia
865 1931 1001 1995 erimina
1010 1931 1102 2016 paria
1117 1930 1323 2000 iacientibus,
1335 1931 1398 1995 sed

243 2018 308 2082 alia
330 2018 403 2082 aliis
428 2018 580 2104 graviora
601 2029 661 2082 aut
682 2018 805 2082 leviora
828 2017 861 2079 in
885 2017 998 2082 eodem
1021 2017 1233 2081 discernimus
1260 2039 1398 2102 genera,

243 2105 353 2168 omnia
361 2104 522 2192 fugienda
532 2104 590 2168 sed
605 2109 729 2190 majora
743 2103 859 2188 magis,
870 2111 904 2166 et
918 2102 1037 2166 idcirco
1048 2104 1178 2188 gravior
1192 2125 1233 2166 ea
1246 2104 1399 2185 sequitur

80 2208 154 2254 cna
164 2208 204 2254 for
242 2213 351 2277 poena.
387 2191 463 2262 Qua
474 2191 516 2254 de
527 2214 632 2267 causa,
647 2190 823 2253 statuimus
836 2197 884 2266 ut,
896 2190 925 2251 si
940 2198 1053 2253 eontra
1063 2190 1205 2272 aliquem
1216 2189 1396 2268 Sociorum,

80 2267 201 2372 fflgvffif
243 2277 440 2341 scholarium
466 2276 519 2340 vel
544 2276 787 2363 discipulorum,
806 2275 910 2339 nostri
923 2301 924 2309 ¹
938 2275 1082 2363 Collegii
1107 2275 1243 2339 infamia
1258 2275 1397 2356 oriatur,

79 2386 191 2444 sellom,
244 2386 344 2449 super
358 2364 493 2427 erimine
508 2362 651 2440 haeresis,
665 2363 821 2441 simoniae,
846 2370 901 2426 aut
919 2362 960 2425 de
984 2363 1127 2449 perJ'urio
1150 2362 1324 2427 manifesto
1342 2364 1398 2426 vel

79 2445 196 2549 corporata,
244 2449 333 2513 furto
342 2449 491 2526 notabili,
501 2447 677 2512 homicidio
691 2449 886 2524 voluntario,
899 2448 1072 2525 adulterio,
1085 2450 1222 2520 incestu,
1236 2448 1398 2534 injuriosa

79 2516 193 2609 perunga
244 2543 279 2599 et
296 2536 398 2599 atroci
420 2535 627 2620 percussione
643 2534 738 2614 Socii,
758 2534 914 2599 scholaris
929 2536 981 2598 vel
997 2534 1158 2621 discipuli,
1181 2536 1212 2597 ei
1227 2535 1396 2600 laesionem

243 2620 341 2685 valde
365 2643 508 2707 gravem,
524 2630 557 2685 et
573 2643 593 2683 a
604 2620 774 2705 judicibus
790 2621 876 2684 infra
892 2620 1076 2706 designatis
1097 2621 1330 2693 aestimandam
1346 2623 1398 2685 in·

243 2707 380 2785 ferente,
404 2715 463 2771 ant
486 2706 528 2769 de
551 2707 664 2788 iniqua
685 2715 720 2770 et
743 2707 911 2793 injuriosa,
928 2708 1003 2773 lieet
1027 2729 1091 2771 non
1113 2708 1256 2771 multum
1281 2710 1396 2783 atroci,

242 2792 451 2879 percussione
476 2792 694 2866 Praesidcntis,
710 2792 1007 2879 Vicepraesidentis,
1027 2793 1078 2857 vel
1093 2794 1230 2883 alicujus
1249 2796 1398 2871 officiari-

243 2901 338 2943 orum
362 2887 421 2943 aut
449 2878 623 2943 Doctorum
651 2878 757 2942 nostri
782 2879 932 2964 Collegfi,
959 2902 1072 2944 eorum
1101 2881 1200 2944 alicui
1227 2881 1397 2945 laesionem

243 2966 404 3030 dictorum
423 2964 574 3053 judicum
600 2964 816 3028 {estimatione
842 2986 908 3029 non
931 2965 1128 3031 mediocrem
1151 2968 1322 3041 inferente,
1343 2970 1399 3033 vel

242 3074 343 3139 super
368 3052 479 3135 aliquo
503 3050 636 3115 crimine
659 3050 701 3114 de
724 3050 904 3137 maj0ribus
931 3053 1133 3127 criminibus,
1156 3056 1213 3121 vel
1234 3078 1333 3141 super
1355 3078 1398 3120 eo

241 3138 330 3222 qnod
351 3139 499 3203 notorius
513 3137 689 3202 fornicator
712 3136 844 3210 existat,
860 3143 920 3202 aui
941 3138 1028 3221 quod
1051 3162 1126 3203 cons
1151 3140 1304 3206 irationes
1330 3140 1397 3205 illi·

241 3227 325 3289 citas
339 3234 453 3289 contra
466 3232 591 3288 statum
606 3223 748 3309 Collegii
762 3222 873 3288 fecerit
889 3232 947 3287 aut
958 3224 1082 3303 inierit,
1096 3162 1150 3289 vel
1163 3250 1217 3291 eas
1232 3227 1304 3291 fieri
1316 3249 1397 3312 pro-

241 3312 414 3383 curaverit}
429 3311 481 3375 vel
495 3311 693 3374 facientibus
706 3310 969 3396 ,conspirationes
991 3311 1181 3398 hujusmodi
1203 3313 1399 3398 praestiterit

241 3398 415 3461 eonsilium
429 3396 482 3461 vel
496 3397 649 3468 favorem,
666 3402 725 3460 aut
741 3397 873 3479 aliquod
887 3396 1009 3460 facturn
1026 3398 1212 3484 hujusmodi
1225 3408 1398 3484 perpetra-

241 3484 326 3546 verit
347 3505 408 3568 per
427 3483 517 3565 quod
539 3481 673 3565 aliquod
698 3482 854 3546 damnum
877 3484 1104 3569 praejudicium
1129 3484 1180 3549 vel
1194 3484 1398 3567 scandalum,

237 3567 387 3652 judicum
401 3568 453 3631 lric
468 3567 715 3654 designatorum
730 3569 906 3648 sententia,
923 3569 1064 3634 multum
1078 3592 1189 3654 ‚grave
1210 3568 1296 3634 dicto
1314 3570 1397 3635 Col·
1497 3600 1499 3603 ’

240 3647 328 3739 le'gio
343 3662 536 3739 generetur3
564 3663 599 3717 et
614 3654 783 3739 praemissa
797 3654 850 3719 vel
864 3676 978 3719 eorum
1000 3655 1132 3739 aliquod
1152 3678 1261 3719 coram
1276 3656 1399 3721 Praesi-

240 3738 349 3810 dente,
365 3739 592 3802 assistentibus
601 3740 632 3802 ei
642 3739 932 3825 Vicepraesidente,
949 3742 1088 3805 Decanis
1104 3750 1138 3807 et
1152 3741 1399 3827 Dispensatori-

239 3825 312 3901 bnS,
327 3825 380 3889 vel
402 3824 518 3889 saltem
542 3847 609 3888 uno
625 3824 772 3905 Decano,
790 3848 858 3891 uno
875 3827 1122 3913 Dispensatore,
1139 3835 1173 3891 et
1194 3828 1268 3891 aliis
1284 3829 1397 3895 tribus
1496 3886 1498 3892 .

239 3933 282 3975 ex
296 3919 423 3997 septem
440 3912 581 3975 maxime
595 3912 792 3991 senioribus,
807 3912 939 3998 publice
960 3916 1117 3978 confessus
1137 3912 1249 3985 fuerit,
1265 3915 1317 3979 vel
1332 3938 1399 4001 per

238 4004 339 4062 testes
355 3998 489 4063 idoneos
503 3998 734 4085 praedictorum
746 3997 873 4086 judicio
897 3999 1137 4085 approbandos,
1159 4006 1218 4064 aut
1238 4023 1300 4087 per
1313 4002 1397 4067 facti

238 4106 347 4148 coram
361 4084 485 4149 eisdem
502 4084 713 4163 evidentiam,
730 4084 902 4149 manifeste
919 4108 994 4149 reus
1010 4108 1120 4150 eorum
1132 4086 1258 4173 judicio
1273 4098 1307 4152 et
1322 4111 1396 4152 sen-

238 4169 344 4234 tentia
357 4172 523 4235 convietus
535 4172 643 4244 inerit,
659 4193 735 4235 eum
750 4172 863 4235 statim
879 4194 900 4235 a
914 4182 1026 4235 nostro
1043 4170 1204 4258 collegio,
1221 4168 1397 4258 praesentis

237 4254 362 4319 virtute
377 4257 504 4331 statuti,
521 4257 614 4320 nulla
628 4257 693 4321 alia
707 4257 888 4321 monitione
902 4257 1078 4342 praemissa,
1094 4258 1263 4324 exclusum
1277 4269 1312 4325 et
1350 4262 1397 4325 ri·

237 4347 349 4403 vatum
363 4341 432 4405 fore
446 4342 517 4427 ipso
532 4342 617 4405 facto
638 4341 851 4421 decernimus,
868 4344 988 4425 absque
1004 4346 1223 4429 cujuscunque
1246 4284 1396 4433 appella-

238 4422 336 4486 tionis
352 4426 406 4489 vel
419 4426 559 4509 querela
574 4426 729 4491 remedio.
