3000 4700
206 257 209 265 .
302 197 437 263 &aues
450 200 489 283 os
501 197 618 282 Corpus
637 199 757 263 Christi
776 200 902 285 Collega,
923 202 1052 286 Ossord.
1207 199 1250 270 97

95 368 224 444 utilius,
251 368 309 446 ita,
325 368 537 454 imprudenti,
558 369 679 455 inepto,
702 369 850 456 indigno,
882 371 1064 450 criminoso,
1090 351 1173 434 iihil
1198 381 1249 437 est

96 454 336 519 detestabilius.
397 455 565 533 Quocirca,
589 457 764 520 statuimus
791 467 829 521 ut
858 457 1039 522 Praesidens
1062 459 1247 541 quicunque

94 551 233 626 propter
267 548 439 613 terrarum,
467 550 737 615 tenementorum,
773 542 969 613 reddituum,
1007 545 1247 630 possessionum
1260 555 1382 602 enasor

95 626 319 712 spiritualium
344 650 403 691 seu
431 628 671 714 temporalium,
698 650 759 692 sua
780 629 886 715 culpa,
913 630 1161 694 diminutionem
1188 653 1247 695 seu
1258 615 1407 720 {fiffffifff

97 712 341 788 alienationem,
368 713 422 777 rel
451 722 586 800 propter
612 713 857 790 detractionem,
888 716 1094 785 ablationem,
1126 717 1245 781 aliena·
1258 732 1325 779 dent,

96 799 222 865 tionem
247 799 393 863 illicitam
419 800 579 863 bonorum
603 807 639 863 et
663 821 771 864 rerum
789 801 892 888 ipsius
912 801 1061 888 Collegii,
1077 801 1244 866 infamiam

97 885 432 969 incontinentiamqne
457 886 643 958 notabilem,
664 887 900 973 negligentiam
925 888 1172 960 intolerabilem,
1190 889 1244 953 ho-

96 970 266 1034 micidium
290 971 518 1046 voluntarium,
535 971 673 1051 aliamve
698 994 828 1038 causam
852 995 1013 1037 enormem
1037 973 1145 1060 ipsum
1159 976 1244 1038 Proe·

96 1057 259 1121 sidentem
274 1059 407 1122 omnino
422 1057 615 1122 reddentem
629 1058 838 1122 criminaliter
853 1059 1067 1145 irregularem
1081 1059 1133 1123 vel
1148 1061 1246 1126 aliter

98 1143 287 1221 inhabilem,
313 1167 437 1208 necnon
464 1158 597 1230 propter
620 1145 845 1208 infirmitatem
872 1145 1056 1209 infectivam
1083 1155 1116 1208 et
1135 1156 1246 1210 conta-

97 1229 226 1314 giosam
240 1240 445 1316 perpetuam,
461 1234 552 1317 cujus
563 1231 730 1294 occasione
743 1253 809 1294 non
821 1232 943 1317 poterit
960 1232 1082 1314 absque
1093 1231 1245 1297 scandalo

97 1317 237 1380 officinm
262 1316 448 1401 hujusmodi
470 1339 628 1394 exercere,
653 1317 695 1380 ab
717 1339 757 1380 eo
778 1317 911 1403 penitus
935 1328 1134 1382 amoveatur.
1190 1320 1245 1384 Ad

96 1403 189 1487 cujus
205 1402 404 1466 amotionem
418 1401 478 1466 hoc
492 1402 591 1466 modo
604 1402 810 1489 procedatur,
822 1403 984 1481 videlicet,
996 1412 1034 1468 ut
1049 1405 1173 1482 statim,
1190 1406 1244 1470 vel
1256 1425 1363 1472 Manner
1372 1425 1402 1472 of

95 1489 215 1552 saltem
238 1489 324 1552 intra
346 1487 532 1572 quindecim
557 1489 626 1552 dies
653 1497 827 1574 postquam
852 1489 984 1573 aliquod
1004 1485 1371 1577 praemnsorumrmed·

96 1574 307 1650 commiserit,
331 1576 378 1638 vel
403 1575 439 1638 in
464 1597 576 1638 eorum
606 1574 738 1660 aliquod
763 1575 925 1654 inciderit,
941 1577 1047 1662 primo
1072 1599 1132 1662 per
1148 1557 1306 1641 viee-¹¹¹⁸·

96 1660 337 1746 praesidentem,
353 1661 580 1725 assistentibus
596 1661 628 1725 ei
643 1661 716 1725 aliis
732 1660 861 1726 duobus
886 1663 1048 1726 officiariis
1064 1663 1245 1750 clavigeris,

95 1756 130 1811 et
154 1747 284 1811 dnobus
308 1747 381 1811 aliis
405 1747 507 1811 Sociis
531 1769 572 1811 ex
594 1757 719 1833 septem
742 1748 934 1834 simpliciter
962 1749 1143 1813 senioribus
1166 1749 1247 1814 dicti

97 1833 249 1919 Collegii,
276 1832 329 1896 vel
352 1833 469 1898 saltem
493 1856 567 1898 cum
588 1855 722 1897 assensu
745 1841 778 1899 et
805 1835 989 1898 assistentia
1015 1835 1154 1899 duarum
1180 1844 1246 1901 ter·

96 1920 217 1986 tiarum
241 1919 385 2006 partium
399 1920 546 1984 omniurn
565 1920 729 1983 Sociorum
746 1918 825 1984 dicti
839 1919 992 2005 collegii,
1007 1921 1068 1999 vel,
1083 1921 1246 2007 Viceprae-

96 2005 224 2070 sidente
239 2006 368 2070 nolente
383 2014 439 2070 aut
455 2006 655 2092 negligente,
674 2027 732 2091 per
752 2005 921 2070 Decanum
938 2007 1058 2070 artium
1079 2007 1246 2080 seniorem,

94 2115 171 2156 curn
187 2091 416 2177 praedictorum
429 2092 624 2167 assistentia,
637 2103 812 2155 moneatur
826 2092 1006 2155 Praesidens
1021 2100 1056 2154 et
1068 2091 1247 2157 suadeatur

96 2178 138 2242 ad
155 2179 340 2242 voluntarie
363 2177 545 2242 cedendum
568 2179 611 2243 ab
626 2176 740 2243 officio.
786 2177 883 2251 Quod
898 2177 927 2241 si
949 2185 1066 2262 sponte
1081 2177 1171 2241 intra
1187 2181 1246 2243 tri-

96 2265 201 2329 duum
227 2264 341 2328 cedere
364 2264 516 2335 noluerit,
535 2278 621 2342 tnnc,
647 2264 736 2327 intra
761 2272 833 2327 octo
864 2262 932 2327 dies
963 2271 1036 2349 post
1061 2262 1248 2349 hujusmodi

95 2352 320 2429 monitionem,
351 2350 619 2437 Vicepraesidens,
651 2373 784 2415 assensn
813 2358 847 2414 et
884 2349 1071 2414 testimonio
1100 2352 1247 2419 omnium

95 2438 264 2504 Sociorum
277 2437 357 2501 dicti
378 2437 519 2523 Collegii
534 2437 588 2501 vel
601 2436 716 2501 saltem
731 2438 877 2501 omniurn
892 2436 1133 2522 praedictorum,
1149 2439 1246 2501 modo

95 2525 208 2607 aliquo
222 2523 378 2611 praedicto
392 2524 457 2588 sibi
471 2526 504 2586 in
520 2523 733 2587 Praesidentis
744 2523 922 2587 monitione
938 2524 1168 2593 assistentium,
1183 2526 1244 2603 vel,

95 2612 167 2697 ipso
180 2612 311 2676 nolente
326 2623 382 2675 aut
396 2610 596 2695 negligente,
614 2608 718 2673 dictus
734 2608 889 2672 Decanus
903 2610 1021 2673 artium
1037 2611 1155 2683 senior,
1171 2633 1245 2677 cum

96 2719 232 2761 assensu
246 2706 281 2762 et
289 2696 476 2761 testimonio
487 2695 726 2781 praedictorum,
743 2694 953 2758 denunciabit
966 2695 1108 2760 Domino
1120 2696 1246 2760 Winto-

96 2784 204 2848 nicusi
217 2784 454 2869 Episcopaaut,
465 2805 501 2845 eo
511 2784 542 2844 in
553 2781 685 2845 remotis
696 2790 827 2866 agente,
838 2781 967 2844 Vicario
976 2782 1009 2843 in
1020 2783 1246 2882 spiritualibus

97 2870 257 2956 generali,
273 2891 343 2949 seu,
356 2868 434 2933 sede
450 2867 669 2932 Wintoniensi
692 2875 836 2937 vacante,
852 2867 981 2930 custodi
1000 2869 1246 2954 sprritualitatis

96 2956 256 3041 ejusdem,
272 2977 330 3040 per
345 2954 428 3019 duos
443 2963 500 3018 aut
517 2964 583 3018 tres
599 2954 703 3039 ipsius
716 2953 862 3039 Collegii
877 2954 987 3017 Socios
1001 2954 1154 3031 seniores,
1172 2977 1246 3018 cum

97 3042 202 3107 literis
219 3042 326 3128 aliquo
342 3040 450 3128 sigillo
466 3041 629 3104 autentico
645 3062 681 3102 ac
696 3039 793 3125 signo
808 3048 841 3101 et
855 3038 1095 3121 subscriptione
1110 3038 1246 3123 alicujus

100 3129 234 3192 Notarii
246 3128 373 3214 publici
388 3127 536 3213 signatis,
551 3126 605 3189 vel
617 3126 743 3203 saltem,
758 3125 829 3188 loco
844 3124 947 3211 sigilli
971 3124 1140 3203 autentici,
1165 3127 1245 3188 sub-

96 3216 272 3300 scriptione
287 3214 365 3277 dicti
384 3212 669 3299 Vicepraesidentis
688 3213 740 3273 vel
765 3211 885 3274 artium
909 3210 1044 3273 senioris
1067 3210 1191 3273 Decani
1212 3220 1246 3275 et

96 3301 326 3387 praedictorum
335 3300 569 3376 assistentium,
583 3320 619 3361 ac
633 3297 767 3361 Notarii
777 3296 901 3383 publici
911 3296 1016 3382 signo,
1029 3297 1246 3373 communitis,

96 3410 223 3459 causas,
251 3387 408 3456 defectus,
438 3386 583 3459 crimina,
613 3405 763 3447 excessus
787 3382 839 3447 vel
863 3381 1009 3447 enormia
1035 3382 1247 3447 Praesidentis

96 3474 350 3538 continentibus.
398 3472 540 3549 Proviso,
555 3469 640 3555 quod
666 3490 780 3532 omnes
803 3468 992 3551 hujusmodi
1007 3468 1195 3533 assistentes
1211 3493 1246 3534 ac

96 3559 322 3625 testimonium
341 3558 557 3644 perhibentes,
572 3561 664 3642 prius
687 3555 783 3619 tactis
803 3555 1016 3618 sacrosanctis
1041 3555 1245 3656 Evangelia,

95 3668 203 3711 coram
215 3643 495 3731 Vicepraesidcnte
506 3652 563 3707 aut
581 3645 710 3705 Decano
725 3642 846 3705 artium
862 3642 1000 3721 seniore,
1013 3642 1086 3728 ipso
1101 3665 1246 3727 prlmum

95 3732 132 3797 id
152 3755 260 3796 coram
284 3732 332 3795 eis
371 3739 536 3802 vastante,
560 3751 596 3791 ac
612 3726 732 3791 deinde
748 3750 768 3791 a
783 3728 924 3812 singulis
938 3729 1067 3793 illorum
1082 3730 1245 3813 exigente,

92 3820 256 3903 jurabunt
271 3755 370 3903 quod
374 3840 435 3881 non
451 3838 511 3902 per
525 3815 693 3885 invidiam,
709 3814 883 3889 malitiam,
899 3814 1013 3879 odium
1029 3814 1080 3879 vel
1096 3816 1246 3878 timorem

95 3906 199 3991 ipsius
215 3902 439 3982 Praesidentis,
454 3924 598 3966 amorem
613 3901 664 3964 vel
688 3900 844 3964 honorem
871 3901 1008 3981 alicujus
1033 3900 1247 3984 promovendi

95 3992 139 4057 ad
153 3990 237 4056 illud
260 3990 410 4067 officium,
425 4011 484 4053 nec
506 4009 566 4073 per
590 3986 866 4072 conspirationem
881 3987 1073 4050 amulorum
1099 3994 1157 4049 aut
1174 4007 1245 4049 con·

94 4077 353 4148 foederationem,
369 4098 429 4140 nec
452 4096 512 4160 per
534 4073 794 4159 procurationem
821 4072 959 4156 alicujus
973 4072 1025 4135 vel
1049 4069 1245 4156 aliquorum,

95 4174 162 4230 nec'
170 4185 268 4250 prece
284 4173 343 4227 aut
364 4160 474 4249 pretio
490 4170 547 4223 aut
573 4158 638 4222 alio
649 4180 843 4245 quocunque
869 4157 965 4222 modo
979 4156 1096 4220 illicito
1110 4155 1247 4229 inducti,

28 4272 31 4276 ’
95 4251 155 4315 sed
178 4247 384 4313 solummodo
407 4269 466 4335 pro
482 4248 568 4309 bono
583 4246 655 4309 zelo
676 4252 710 4307 et
724 4244 870 4308 utilitate
886 4243 1023 4329 Collegii
1037 4241 1196 4327 praedicti,
1214 4252 1248 4307 et

96 4360 155 4423 pro
167 4336 296 4402 utiliori
310 4343 344 4399 et
360 4332 616 4399 convenientiori
629 4330 791 4417 regimine
803 4329 946 4414 ejusdem
963 4328 1140 4408 ethonore,
1152 4329 1248 4392 testi-

94 4424 240 4489 monium
257 4422 342 4486 illud
357 4419 591 4507 perhibebunt.
634 4418 820 4587 figiqcopus
833 4437 910 4479 vero
921 4415 1171 4489 Wintoniensis‚
1185 4415 1248 4494 vel,

696 4552 702 4565 .
1094 4522 1118 4563 rr
