3000 4700
307 143 442 210 &mata
457 147 495 229 os
508 145 625 230 Corpus
642 143 762 209 Carisa
779 144 904 232 Callope,
924 148 1053 232 Oaford.
1213 149 1258 218 43

97 303 300 405 eorundem,
310 327 385 372 cum
395 307 532 374 collecta
556 327 617 407 pro
632 309 743 375 anima
758 309 781 374 J
783 309 922 374 ohannis
940 309 1139 389 Clsimondi,
1155 311 1255 398 primi

98 389 318 456 Praesrdentrs
331 391 430 478 hujus
442 393 596 480 Collegu,
612 401 651 458 ut
665 395 700 457 in
712 396 783 480 ejus
797 397 1032 482 compositione
1045 397 1252 496 exprimitur.

5 551 6 564 ἒ
98 476 154 539 Sit
169 477 352 541 etiamalio
365 478 473 557 missa,
488 480 566 544 hora
581 502 645 562 qua
659 481 800 548 maxime
811 481 979 547 videbitur
991 482 1186 548 Praesrdenti
1194 491 1254 548 aut
1265 509 1317 556 'rho
1326 509 1419 556 mur

97 561 135 623 in
153 568 226 648 cJus
247 563 399 628 absentia
413 563 693 652 Vicepraesidenti,
709 566 753 631 ad
767 567 870 632 altare
891 575 1011 633 sanctae
1026 579 1061 633 et
1073 567 1253 634 individua
1264 581 1338 618 Μ

97 647 292 724 Trinitatis,
307 671 368 735 pro
391 652 475 716 bono
489 666 522 716 et
537 652 624 717 felici
647 661 737 716 statu
760 653 932 718 reverendi
946 655 982 718 in
997 650 1132 718 Christo
1172 655 1253 719 atris

97 731 232 796 domini
246 734 407 820 Hugonis
424 735 578 816 Oldbam,
597 738 792 804 Exoniensis
805 737 977 838 Episcopi,
992 739 1091 827 hujus
1107 675 1254 822 cdlegii

97 819 757 908 praecipuibenefactoris‚dumsuperstes
768 823 1254 908 fuerrt,cumoratione“Rege,

96 925 299 986 quaesumus,
324 905 478 985 Domine,
501 907 660 972 famulum
683 917 779 976 tuum
800 910 1254 996 Hugonem,.benefact0rem

98 995 283 1063 nostrum‚”
301 991 361 1056 &a
401 993 445 1057 Et
455 1006 627 1079 postquam
636 995 678 1058 ab
687 994 746 1060 hac
755 997 828 1060 luce
843 1003 996 1060 evocatus
1005 996 1116 1065 fuerit,-
1127 995 1253 1060 dicmur

5 1121 9 1142 -,
97 1077 219 1140 eadem
234 1077 332 1142 missa
354 1078 608 1164 inperpetuum
631 1102 692 1166 pro
715 1081 826 1144 anima
848 1080 929 1144 dicti
950 1080 1123 1146 reverendi
1136 1082 1253 1165 patris,

96 1169 279 1248 parentum
302 1171 336 1227 et
350 1163 592 1230 benefactorum
617 1165 777 1251 ejusdem,
797 1189 871 1230 cum
892 1167 1038 1230 oratione
1055 1177 1080 1204 *“
1092 1166 1252 1230 Inclina.''

99 1247 213 1324 Quem
227 1249 443 1313 reverendum
464 1259 604 1336 patrem,
621 1273 681 1336 pro
701 1252 771 1316 suis
790 1251 918 1315 meritis
936 1260 969 1315 et
989 1251 1165 1322 beneficiis,
1181 1273 1252 1316 om·

98 1335 197 1396 nium
220 1334 390 1398 missarum
408 1336 594 1400 orationum
610 1344 644 1400 et
661 1339 851 1402 meritorum
866 1339 965 1423 hujus
979 1338 1083 1402 nostri
1097 1336 1251 1422 Collegii,

99 1420 222 1482 tamin
238 1421 307 1484 vita
322 1443 420 1502 quam
435 1429 669 1512 postmortem,
684 1423 877 1573 participem
890 1445 961 1488 esse
974 1423 1132 1493 volumus,
1143 1431 1251 1487 statu-

99 1505 238 1568 imus‘et
254 1505 467 1582 decernimus,
487 1507 743 1594 inperpetuum.
820 1508 905 1571 ertia
915 1509 1017 1573 missa
1031 1509 1095 1573 erit
1109 1510 1151 1572 ad
1161 1530 1251 1572 sum·
1262 1529 1316 1577 'rue
1326 1527 1402 1577 third.

98 1611 194 1654 mum
209 1591 321 1663 altare,
337 1591 416 1655 hora
430 1615 494 1675 qua
509 1593 651 1657 maxime
665 1592 832 1660 videbitur
844 1594 1048 1669 Praesidenti‚
1058 1603 1116 1657 aut
1130 1594 1165 1657 in
1179 1597 1251 1680 ejus

5 1721 10 1736 .
100 1677 254 1739 absentia
262 1675 545 1763 Vieep'raesidenti,
556 1687 589 1742 et
600 1679 802 1765 temporibus
812 1679 1029 1758 vacationum,
1043 1680 1124 1742 siita
1136 1679 1251 1743 Praesi·
1323 1747 1332 1760 Δ

100 1761 200 1824 denti
213 1761 388 1840 videbitur,
405 1763 532 1828 circiter
548 1762 660 1828 horam
677 1787 805 1839 nonam,
820 1787 881 1850 pro
894 1766 1002 1828 anima
1016 1785 1100 1839 mea,
1116 1765 1251 1828 Thomae

100 1855 137 1911 et
155 1846 293 1910 Helenae
318 1858 491 1935 parentum
507 1870 661 1920 meorum,
676 1859 712 1914 et
730 1850 877 1914 omnium
900 1871 1045 1914 meorum
1059 1858 1091 1912 et
1108 1850 1253 1934 collegii

99 1933 347 1998 benefactorum
354 1957 446 2012 ;oum
454 1937 659 2001 orationibus
669 1945 687 1971 ‘⁴
697 1935 801 2011 Deus,
810 1935 869 2018 qui
878 1934 1208 2019 iuterApostolicos,”
1216 1942 1253 1999 et

101 2029 122 2056 “
132 2017 260 2084 Incliua
269 2019 300 2094 ;''
315 2021 484 2106 p'raemissa
498 2022 645 2086 oratioue
661 2032 681 2060 “
692 2022 796 2098 Deus,
810 2020 949 2105 incujm
956 2039 1055 2084 manu
1065 2018 1254 2084 suntcorda

102 2105 268 2192 Regum,”
283 2127 344 2254 pro
359 2106 446 2172 felici
467 2129 615 2172 successu
632 2105 848 2171 illustrissimi
863 2105 966 2191 Regis
979 2104 1117 2168 Hemici
1126 2104 1254 2177 Octavi,

100 2193 180 2254 dum
190 2190 273 2256 hanc
300 2197 392 2256 ucent
402 2192 559 2271 hauserit,
570 2201 604 2258 et
614 2191 800 2258 Oatberinae
809 2195 878 2276 ejus
887 2190 1057 2276 ooujugis:
1073 2190 1122 2252 ita
1132 2198 1253 2266 tamen,

5 2319 7 2329 ι
101 2273 1253 2365 quodduminhacvitasuperstesfuerimuslocoorationis“Deus,qui

102 2364 598 2450 interApostolioos”praedictae,
608 2364 744 2435 dicatur,
753 2377 772 2403 “
855 2361 1252 2446 aquaesumusDomine,

100 2448 263 2514 famulum
281 2457 377 2514 tuum
404 2451 580 2515 Ricardum
605 2450 808 2523 Pontificem,
854 2450 1049 2513 undatorem
1069 2448 1253 2514 nostrum.”

103 2535 197 2612 Quas
230 2545 341 2600 tamen
365 2538 526 2601 orationes
550 2540 618 2601 sive
647 2535 798 2599 collectas
825 2535 999 2620 predictas
1022 2532 1142 2597 diebus
1173 2534 1253 2597 feri·

101 2622 167 2685 atis
202 2620 237 2683 in
271 2621 410 2709 singuiis
439 2622 546 2685 missis
584 2620 750 2707 praedictis
787 2620 996 2685 concedimus
1055 2618 1251 2683 raetermitti.

104 2707 237 2783 Quarta
260 2708 370 2781 missa,
386 2731 457 2792 quae
476 2709 539 2772 erit
555 2728 616 2793 pro
636 2706 807 2773 animabus
826 2703 1000 2771 wilhelmi
1048 2715 1118 2769 rost
1140 2712 1176 2769 et
1189 2705 1415 2783 «lu-Theanus

101 2792 199 2855 lianae
221 2793 334 2856 uxoris
357 2796 438 2878 ejus,
455 2815 529 2856 cum
554 2792 596 2855 ab
615 2791 676 2855 hac
699 2792 771 2856 luce
793 2792 1016 2877 migraverint,
1030 2790 1250 2855 celebrabitur

103 2877 146 2941 ad
162 2878 268 2942 altare
280 2879 475 2959 beatissimae
490 2877 675 2953 Trinitatis,
691 2876 780 2960 quod
795 2877 900 2941 altare
914 2878 1083 2940 vocabitur
1099 2890 1119 2915 “
1131 2876 1250 2941 Frost’s
1260 2889 1398 2937 mearat·

102 2963 232 3029 Altar.'’
276 2964 326 3027 Et
348 2962 408 3028 has
430 2963 513 3028 duas
528 2965 643 3026 missas
658 2966 720 3028 sub
735 2983 834 3048 poena
847 2962 986 3062 perjurii
1000 2962 1177 3037 celebrent,
1191 2971 1249 3026 aut
1261 2953 1310 2994 ¹⁸¹·

5 3082 8 3092 ·
102 3050 173 3113 suis
197 3050 386 3135 sumptibus
408 3070 468 3136 per
490 3049 683 3113 domesticos
706 3043 1014 3124 celebrau‘iaciant‚
1035 3046 1123 3109 Socii
1144 3046 1251 3109 nostri

102 3135 247 3220 Collegii
276 3135 462 3215 sacerdotes
491 3134 735 3220 septimanatim
763 3155 823 3219 per
851 3132 958 3210 vices3
986 3132 1035 3194 ita
1062 3138 1115 3193 ut·
1129 3130 1187 3212 qui
1210 3150 1250 3194 ex

104 3220 330 3285 Universitate
351 3216 529 3308 profedturi
550 3221 628 3298 siut,
654 3220 716 3285 sub
742 3240 845 3305 poena
867 3216 1016 3303 perjurii,
1043 3214 1250 3300 provideant,

102 3308 295 3392 priusquam
310 3314 440 3385 exeant,
453 3306 495 3369 de
510 3306 690 3371 domesticis
704 3308 762 3387 qui
777 3325 869 3367 suam
884 3303 919 3365 in
935 3300 1086 3365 absentia
1099 3302 1199 3365 vicem
1213 3301 1250 3368 iu

102 3393 170 3457 fide
185 3392 336 3477 Collegio
359 3392 511 3478 praestita
533 3414 567 3455 se
590 3392 624 3455 in
642 3411 681 3455 ea
694 3411 730 3455 re
744 3387 899 3474 supplere
921 3387 1126 3473 promittant.
1173 3386 1378 3476 permeans·

102 3479 265 3543 mittimus
280 3488 390 3542 tamen
416 3484 453 3542 ut
475 3476 617 3561 quando,
632 3498 730 3541 causa
751 3474 913 3540 saevientis
937 3473 971 3535 in
988 3472 1116 3535 Oxouio
1135 3471 1248 3559 pestis,
1261 3488 1315 3533 uon
1324 3489 1355 3533 or

105 3564 194 3628 Socii
217 3571 252 3627 et
277 3563 439 3627 scholares
464 3564 497 3626 in
521 3584 621 3626 unum
645 3582 849 3626 communem
872 3560 980 3623 locum
999 3557 1167 3643 caldum,
1189 3550 1404 3664 ubiiffiffi

5 3682 6 3693 κ
102 3650 247 3726 lecturis,
271 3649 567 3736 disceptationibus
592 3657 625 3715 et
647 3647 773 3724 studiis,
796 3646 996 3722 incumbant,
1019 3644 1135 3709 ordine
1163 3645 1249 3710 infra
1259 3663 1393 3709 insessor

102 3743 218 3800 notato
233 3744 485 3821 congregantur,
502 3743 544 3813 ut¹
558 3748 636 3797 tunc
650 3735 755 3819 prima
771 3740 816 3803 et,
832 3732 862 3795 si
882 3732 970 3796 inter
992 3754 1048 3795 eos
1073 3740 1141 3795 tres
1161 3730 1250 3795 Socii
1260 3721 1403 3781 patalenes

102 3820 286 3898 sacerdotes
298 3822 428 3891 tuerint,
442 3819 539 3883 etiam
560 3818 701 3884 secunda
715 3839 757 3881 ex
772 3816 822 3881 his
836 3818 942 3882 tribus
954 3818 1063 3881 missis
1076 3816 1146 3879 ruri
1158 3816 1249 3879 inter

102 3908 222 3984 Socios,
240 3907 273 3969 in
285 3906 390 3969 forma
401 3905 571 3992 praefinita.
581 3904 669 3969 horis
681 3904 802 3987 quibus
817 3904 1065 3967 convenientius
1078 3908 1247 3987 poterunt,

11 3990 17 4003 ”
146 4015 163 4057 r
178 3992 436 4079 assignationem
449 3991 589 4055 maxime
604 3990 741 4055 senioris
757 4011 832 4053 rure
846 3988 1018 4052 existentis
1029 3986 1247 4051 celebrentur.

137 4091 288 4161 equarta
302 4080 402 4141 missa
421 4078 611 4141 observetur
630 4076 745 4138 modus
770 4074 805 4138 iu
830 4072 1066 4159 compositione
1077 4069 1250 4134 Wilhelmi

103 4164 132 4229 F
134 4173 203 4228 rost
218 4162 410 4251 descriptus.
455 4162 574 4227 Tertia
587 4183 673 4232 vero,
688 4182 760 4242 quae
775 4169 825 4223 est
838 4179 991 4245 suprema
1003 4156 1113 4231 missa,
1124 4163 1201 4219 tunc
1215 4155 1249 4219 iu

5 4290 12 4299 -
103 4250 224 4315 diebus
252 4251 408 4336 protestis
433 4270 493 4334 per
524 4247 609 4315 duos
630 4244 815 4332 capellanos
836 4243 957 4320 sacelli,
987 4241 1040 4304 vel
1067 4249 1250 4340 eorumnut

101 4336 275 4425 prefertur
299 4334 483 4422 deputatos,
502 4344 536 4398 ct
560 4334 594 4398 in
609 4331 793 4397 Dominicis
816 4352 853 4395 ac
876 4327 1021 4392 infestis
1044 4348 1104 4411 per
1128 4329 1248 4403 Socios,
